3020 4986
288 439 333 522 34

222 614 261 684 25
286 617 375 702 quod
390 617 479 702 quasi
501 616 616 681 librum
638 617 795 700 porrectis
817 617 849 681 in
868 615 999 701 planum
1013 616 1140 701 paginis
1164 615 1342 681 eruditiori·
1384 637 1399 652 ·

285 725 348 790 bus
377 723 477 790 oculis
507 723 645 807 explicui
675 725 805 790 secretis
836 724 941 789 futura
970 725 1082 790 litteris
1113 725 1345 790 continentem.

286 832 394 896 Zonas
415 831 511 896 velim
532 830 652 909 videas,
675 852 772 915 quem
800 831 842 896 ad
868 832 1001 896 modum
1024 832 1108 896 intra
1129 830 1223 916 polos
1246 831 1344 896 certis

285 937 411 1021 legibus
434 945 647 1021 exporrectae
669 945 771 1002 terras
794 938 855 1002 sibi
876 939 1059 1022 suppositas
1081 937 1224 1002 afficiunt
1244 936 1345 1022 quali-

163 1060 165 1066 ·
285 1052 362 1109 tate.
378 1041 388 1112 l
407 1042 542 1108 Coluros
563 1043 659 1108 velim
680 1043 799 1123 videas,
822 1064 919 1129 quem
941 1043 983 1108 ad
1005 1046 1138 1109 modum
1161 1043 1345 1129 quadrifida

221 1151 265 1218 30
285 1146 457 1216 lineatione
479 1150 601 1215 caelum
624 1151 749 1215 ambire
771 1153 973 1230 conveniunt,
995 1152 1053 1216 sed
1070 1151 1345 1216 continuationem

287 1279 385 1344 quam
407 1267 602 1342 occeperant
617 1279 683 1322 non
699 1258 879 1323 absolvunt.
901 1257 1095 1342 Signiferum
1113 1258 1210 1323 velim
1223 1257 1345 1335 videas,

286 1384 384 1451 quem
405 1366 487 1430 ratio
510 1365 664 1430 secretior
669 1337 898 1450 bbquuavrt
915 1365 1038 1431 Rerum
1067 1366 1152 1430 enim
1181 1363 1346 1429 incolumi-

285 1471 345 1538 tati
366 1473 530 1556 provisum
552 1480 609 1553 est,
632 1493 716 1558 quae
736 1482 895 1556 perpetuo
922 1494 989 1538 non
1013 1472 1150 1551 duraret,
1174 1494 1200 1537 sr
1192 1471 1345 1536 directo

286 1599 415 1662 semper
449 1577 547 1643 limite
583 1577 685 1643 solem
715 1579 847 1662 signifer
879 1580 1117 1644 excandentem
1148 1587 1254 1642 terrae
1284 1598 1346 1661 per

221 1684 261 1754 35
286 1685 427 1750 medium
458 1693 648 1769 reportaret.
704 1685 865 1750 Galaxem
894 1687 990 1751 velim
1026 1687 1137 1751 videas
1173 1685 1346 1768 frigoribus

286 1791 509 1878 Hyperboreis
522 1800 767 1876 temperantem,
783 1793 858 1878 quia
880 1792 958 1858 locis
980 1793 1079 1877 longe
1098 1792 1246 1876 sepositis
1268 1790 1346 1855 solis

288 1898 453 1965 calefactio
483 1898 659 1963 remedium
688 1919 755 1964 non
782 1900 915 1965 ferebat.
959 1899 1095 1965 Lineam
1117 1898 1213 1964 velim
1234 1881 1358 1963 videas

287 2007 429 2091 utrisque
445 2005 585 2071 solstitiis
599 2006 860 2090 respondentem,
877 2007 1017 2092 itemque
1032 2007 1118 2072 illam
1133 2026 1217 2091 quae
1239 2004 1344 2068 diurni

287 2113 500 2197 nocturnique
521 2113 677 2197 temporis
699 2115 937 2178 excrescentias
956 2114 998 2178 ad
1020 2122 1220 2178 momentum
1242 2111 1346 2195 parili-

216 2235 266 2308 ι4ο
287 2220 362 2285 tatis
384 2219 495 2304 affigit.
537 2219 644 2302 Ignita
673 2218 760 2285 clara
788 2221 947 2305 teretique
974 2220 1079 2285 forma
1100 2219 1205 2284 solare
1228 2237 1345 2302 corpus

289 2327 454 2410 conposui,
485 2326 535 2390 cui
563 2325 765 2408 planetarum
788 2327 885 2391 orbes
908 2328 1116 2392 concinerent
1138 2326 1180 2391 ad
1203 2324 1343 2390 medium

288 2432 457 2499 collocato.
485 2430 579 2497 Luna
601 2432 684 2496 aeris
707 2432 911 2518 aetherisque
933 2434 1067 2498 intervia
1084 2433 1253 2518 qualitates
1275 2451 1343 2496 mu·
1418 2450 1422 2454 ·

288 2548 338 2606 tat
359 2548 393 2605 et
413 2539 519 2618 facies,
540 2538 642 2603 solem
663 2537 755 2603 aliter
777 2547 811 2604 et
832 2539 924 2605 aliter
945 2540 987 2604 de
1008 2540 1108 2605 latere
1131 2541 1344 2624 circumspec-

287 2656 370 2713 tans.
412 2647 577 2711 Venerem
598 2644 674 2710 solis
696 2645 894 2711 adsistricem
915 2646 1174 2732 Mercurirunque
1196 2646 1343 2711 conserui

214 2893 215 2898 ¹
289 2861 416 2938 circulo,
425 2856 566 2925 Martem
581 2858 697 2942 aspicis
712 2859 859 2924 castiore.
881 2859 968 2925 hunc
982 2860 1110 2926 rutilare
1124 2860 1344 2956 sanguineum,

288 2968 374 3034 illum
397 2967 490 3032 amici
481 2965 629 3049 fulgore
643 2965 755 3030 sideris
776 2964 941 3032 eblandiri.
973 2965 1147 3032 Saturnum
1168 2987 1267 3051 super
1288 2987 1346 3030 ex·

288 3075 345 3142 tuli
366 3073 522 3139 hactenus
544 3073 718 3151 efficacem,
740 3080 776 3137 ut
797 3073 886 3137 cuius
908 3073 1058 3139 elementi
1079 3075 1174 3158 signa
1192 3073 1346 3158 possede-

289 3183 339 3260 rit,
361 3181 403 3247 ad
426 3201 499 3246 eam
527 3189 676 3244 naturam
703 3179 779 3244 anni
801 3188 1014 3266 contorqueat
1037 3181 1233 3266 qualitatem.
1278 3179 1346 3246 Sed

226 3290 268 3359 50
289 3288 366 3375 quid
395 3307 460 3372 ego
489 3287 666 3371 positiones
694 3286 835 3351 sidereas
865 3288 1008 3373 caelique
1037 3287 1127 3371 leges
1149 3308 1344 3367 enumerem,

289 3415 364 3461 cum
385 3395 428 3460 ad
450 3393 560 3459 oculos
582 3401 716 3477 pateant
737 3394 906 3482 universa?
936 3395 1041 3460 Terra
1053 3395 1144 3460 vides
1159 3415 1224 3480 quo
1245 3394 1347 3460 modo

289 3523 334 3568 ex
347 3500 512 3566 elementis
526 3499 720 3565 fecrmditate
743 3509 903 3584 concepta
924 3522 1011 3567 nunc
1033 3501 1144 3580 fluviis,
1166 3521 1253 3566 nunc
1273 3521 1346 3586 gra·

59 3613 179 3708 fle,
288 3607 436 3686 minibus,
464 3627 550 3672 nunc
580 3607 664 3672 silvis
687 3607 889 3694 comantibus
911 3608 1080 3674 hilarescit.
1124 3607 1346 3691 Amphitritae

209 3767 211 3774 .
288 3716 439 3781 limitibus
461 3712 679 3798 circumplexa
698 3699 818 3778 vlcturn
841 3715 1055 3782 animantibus
1077 3715 1118 3780 de
1140 3715 1248 3780 medio
1270 3715 1345 3779 sub-

226 3821 264 3892 55
289 3822 456 3887 ministrat
487 3821 565 3885 Pars
580 3820 732 3904 frugibus,
748 3841 824 3905 pars
839 3822 967 3888 virescit
984 3822 1162 3900 arboribus,
1177 3842 1253 3906 pars
1266 3820 1347 3886 odo·

289 3929 442 3996 ramentis
457 3928 586 4011 aspirat
614 3947 691 4011 pars
705 3928 850 4010 gemmis,
865 3949 941 4013 pars
956 3928 1157 3995 metallorum
1172 3929 1346 4012 generibus

291 4044 341 4101 est
362 4034 508 4101 fecunda
551 4035 589 4098 In
617 4033 740 4098 lubrico
769 4035 874 4118 pisces
904 4036 1064 4102 elemento
1086 4035 1227 4121 itemque
1248 4035 1363 4101 facies·

289 4141 438 4208 beluinae
466 4161 569 4226 regna
595 4141 734 4206 lucentia
759 4151 987 4225 pervagantur.
1015 4143 1108 4207 Neve
1130 4162 1237 4208 rerum
1259 4151 1346 4207 tran·

291 4248 429 4335 quillitas
450 4247 598 4313 violentis
620 4231 822 4331 passionibus
843 4256 1063 4332 temptaretur,
1088 4259 1202 4315 contra
1222 4249 1347 4314 fontem

224 4357 269 4424 60
291 4355 405 4422 caloris
426 4355 527 4421 solem
550 4375 648 4441 quem
675 4354 760 4421 linea
787 4354 930 4432 medialis
959 4364 1120 4441 exportat,
1143 4355 1266 4422 fontem
1287 4356 1346 4422 bu·

445 4800 799 4956 h
