3020 4986
1237 476 1276 525 XI

96 645 200 728 enim
235 657 335 752 apud
365 681 433 730 eos
462 654 728 752 praecedentis
764 649 960 748 discipulus
992 675 1153 746 sequens
1188 647 1277 722 dies.

94 791 368 886 Vespertinum
412 790 664 880 exercitium,¹
696 788 797 886 quod
837 783 1033 875 declinatio
1077 784 1276 872 dicebatur,

98 941 211 998 tanta
240 927 462 1024 copiositate
490 923 758 1023 grammaticae
781 921 958 994 refertum
986 935 1078 1008 erat,
1106 936 1146 992 ut
1164 920 1276 1017 siquis

95 1062 134 1132 in
152 1087 201 1133 eo
217 1086 286 1157 per
302 1086 438 1134 annum
454 1061 641 1160 integrum
656 1073 881 1146 versaretur,
892 1055 1076 1128 rationem
1095 1052 1273 1152 loquendi

95 1211 139 1276 et
159 1196 353 1284 scribendi,
382 1197 508 1269 sinon
529 1211 632 1268 esset
651 1193 834 1282 hebetior,
862 1190 1019 1262 haberet
1048 1189 1096 1261 ad
1116 1214 1274 1278 manum,

96 1345 139 1400 et
169 1328 479 1427 significationem
498 1311 724 1418 sermonum,
753 1327 813 1423 qui
843 1325 879 1397 in
899 1323 1083 1396 communi
1102 1349 1169 1396 usu
1189 1350 1273 1398 ver-

96 1478 239 1553 santur,
267 1464 445 1562 ignorare
466 1489 541 1538 non
561 1479 774 1559 posset...
794 1518 801 1532 .
829 1461 868 1531 ln
892 1457 1014 1554 prosis
1035 1473 1099 1530 aut
1117 1482 1273 1554 poema-

98 1597 199 1670 tibus
228 1599 421 1687 imitandis,
449 1615 604 1695 poetas,
641 1614 706 1670 aut
741 1609 914 1669 oratores
942 1592 1201 1689 proponebat,
1237 1607 1275 1666 et

97 1755 232 1806 eorum
261 1731 421 1828 jubebat
456 1733 618 1833 vestigia
653 1731 802 1820 imitari,
846 1729 1050 1803 ostendens
1079 1727 1272 1823 juncturas

98 1866 313 1956 dictionum,
343 1883 381 1940 et
409 1865 607 1967 elegantes
636 1865 851 1939 sermonum
880 1840 1070 1936 clausulas.
1125 1863 1164 1935 Si
1193 1865 1273 1960 quis
1310 1863 1311 1866 ’

99 2017 230 2074 autem
258 2003 306 2074 ad
326 1999 568 2098 splendorem
596 2003 650 2074 sui
676 2002 811 2098 operis,
841 1997 1000 2072 alienum
1024 2024 1188 2095 pannum
1216 2024 1275 2074 as-

97 2151 239 2224 suerat,
268 2137 543 2234 deprehensum
563 2137 816 2237 redarguebat
844 2135 995 2208 furtum:
1024 2135 1092 2207 sed
1111 2159 1275 2231 poenam

96 2272 318 2367 saepissime
339 2296 415 2345 non
436 2274 635 2373 infligebat.
676 2273 736 2345 Sic
755 2295 847 2346 vero
868 2271 1121 2366 redargutum,
1149 2269 1180 2342 si
1200 2270 1273 2343 hoc

99 2422 229 2480 tamen
249 2424 438 2481 meruerat
459 2409 586 2505 inepta
601 2408 750 2505 positio,
780 2406 828 2479 ad
849 2404 1129 2500 exprimendam
1144 2420 1273 2477 aucto-

99 2566 183 2614 rum
192 2540 402 2639 imaginem,
420 2543 594 2616 modesta
602 2539 830 2641 indulgentia
844 2539 1096 2612 conscendere
1105 2536 1274 2633 jubebat,

99 2676 346 2773 faciebatque,
375 2693 416 2750 ut
444 2678 506 2775 qui
534 2676 696 2774 majores
725 2675 951 2763 imitabatur,
983 2672 1091 2746 fieret
1110 2674 1273 2769 posteris

100 2809 308 2882 imitandus
350 2811 390 2882 ld
418 2835 568 2910 quoque
599 2813 695 2885 inter
713 2812 840 2908 'prima
864 2810 1073 2882 rudimenta
1100 2808 1273 2899 docebat,

99 2961 140 3018 et
168 2944 349 3045 infigebat
379 2947 530 3035 animiS,
565 2972 662 3045 quae
692 2947 727 3019 in
756 2945 976 3020 oeconomia
1010 2944 1143 3037 virtus3
1177 2968 1273 3041 quae

97 3079 133 3150 in
163 3079 303 3153 decore
332 3106 472 3170 rerum,
508 3106 605 3178 quae
636 3083 669 3154 in
697 3081 821 3153 verbis
850 3077 1036 3154 laudanda
1073 3093 1175 3150 sunt:
1211 3076 1272 3149 ubi

97 3215 273 3303 tenuitas
294 3231 332 3288 et
352 3217 456 3313 quasi
476 3217 612 3289 macies
634 3217 828 3305 sermoniS,
850 3215 911 3287 ubi
931 3215 1039 3309 copia
1057 3211 1272 3309 probabilis,

96 3349 160 3421 ubi
189 3350 389 3439 excedens
418 3345 479 3422 ubi
500 3351 663 3424 omnium
683 3350 824 3424 modus.
870 3349 1066 3437 Historias
1095 3364 1274 3444 poemata
1344 3403 1355 3425 «

95 3487 355 3581 percurrenda
370 3487 549 3559 monebat
564 3544 571 3558 .
586 3543 593 3558 .
608 3545 614 3558 .
634 3486 831 3582 Superflua
846 3500 971 3557 tamen
987 3483 1164 3582 fugienda
1173 3484 1272 3555 dice-

95 3622 183 3714 bat;
204 3638 243 3694 et
254 3647 300 3694 ea
314 3622 495 3708 sufficere,
512 3647 607 3718 quae
623 3619 762 3694 aclaris
773 3619 984 3692 auctoribus
995 3619 1131 3712 scripta
1141 3633 1235 3690 sunt.
1248 3612 1272 3698 ¹)

207 3758 246 3829 ln
279 3758 348 3829 der
375 3755 667 3853 Philosophie
695 3754 942 3829 beschrankte
971 3751 1164 3825 Bernhard
1197 3753 1270 3824 den

95 3889 314 3964 Unterricht
333 3891 432 3963 nicht
452 3891 545 3964 nach
565 3889 651 3963 dem
666 3887 946 3989 gewbhnlichen
967 3886 1189 3960 Gebrauche
1210 3885 1276 3958 aul
1298 3907 1299 3910 ’

95 4025 159 4098 die
190 4022 371 4099 formalen
399 4025 738 4114 Wissenschalten,
775 4025 941 4097 sondern
975 4045 1049 4120 zog
1084 4022 1176 4096 auch
1212 4021 1272 4094 die

96 4159 340 4256 Metaphysik
360 4161 394 4232 in
416 4159 491 4232 den
508 4160 618 4232 Kreis
638 4157 846 4232 desselben.
880 4158 975 4231 Hier
989 4155 1129 4230 bildete
1147 4153 1272 4230 Plato

174 4474 191 4537 ¹)
211 4476 299 4526 Metal.
327 4478 384 4525 Lib.
404 4477 433 4538 1.,
451 4492 507 4541 cap.
527 4489 568 4539 24.
