2978 4990
1094 412 1137 481 63

89 601 146 656 erat
167 591 330 657 consilium
353 592 561 676 disponentis
599 592 761 676 Explicuit
785 589 934 674 singulas,
960 611 1044 675 quae
1066 591 1139 654 sim·

86 696 171 782 plices
198 698 332 775 fuerant,
362 719 406 762 ex
437 697 637 762 substantiali
659 699 808 762 videlicet
838 707 872 760 et
894 699 1014 761 nativo.
1058 697 1133 760 Per·

86 803 197 867 miscuit
217 805 368 882 sociatas,
389 814 426 869 ut
448 805 637 887 conpositae
660 804 776 868 fierent
798 824 842 868 ex
865 803 1026 868 adiuncto.
1056 802 1136 886 Igni,
1160 801 1199 870 55

86 929 185 993 aquae,
200 909 274 975 huic
290 910 394 975 calido
410 911 485 976 huic
499 909 635 994 frigidae
650 911 677 974 si
691 911 812 975 siccum
834 909 1001 973 humidum
1022 907 1137 974 alteru·

86 1017 135 1079 tris
148 1017 304 1082 socialiter
319 1017 512 1101 adiungitur,
528 1018 690 1102 quaedam
713 1018 756 1081 de
778 1016 986 1081 cohaerentia
1007 1024 1041 1082 et
1062 1015 1137 1080 vici·

85 1123 173 1187 nitate
186 1126 384 1207 germanitas
399 1125 567 1189 invenitur.
588 1124 678 1202 Aeri,
694 1133 809 1201 terrae,
824 1123 898 1187 huic
913 1122 1047 1188 humido
1062 1122 1137 1187 huic

86 1229 178 1294 siccae
199 1232 226 1294 si
249 1231 388 1295 calidum
410 1231 561 1315 frigidum
583 1231 743 1296 alterutris
764 1230 924 1295 socialiter
945 1231 1136 1313 adiungitur,

86 1337 210 1408 societas
242 1337 335 1402 huius
366 1339 456 1402 modi
486 1338 661 1421 permixtio
694 1338 887 1401 nominatur.
941 1337 1025 1401 Eam
1056 1357 1136 1420 ergo
1159 1343 1204 1408 60

87 1443 262 1527 qualitatum
291 1446 468 1509 mixturam
498 1446 672 1529 inpensiori
694 1445 809 1528 Physis
838 1444 1045 1528 prosequitur
1069 1443 1136 1508 dili·

86 1552 192 1633 gentia
231 1552 414 1616 Praesentis
424 1572 482 1625 ,res
497 1562 568 1617 erat
581 1552 634 1616 illa
648 1553 771 1636 negotii
785 1572 847 1616 nec
860 1550 1010 1616 videlicet
1024 1552 1137 1617 otiosa·

84 1659 114 1722 In
142 1659 269 1722 humani
301 1661 447 1743 corporis
478 1661 643 1724 anatomia
665 1660 827 1744 quaedam
855 1659 898 1723 de
925 1658 1130 1743 simplicibus,

86 1765 232 1847 quaedam
254 1765 297 1828 de
320 1767 495 1848 conpositis
509 1768 659 1831 membra
672 1767 817 1831 meminit
831 1765 1045 1830 reformanda.
1075 1765 1131 1830 Sic

85 1870 168 1953 igitur
182 1872 222 1936 de
239 1873 394 1955 contiguo
418 1882 451 1937 et
473 1875 625 1956 proximo
649 1894 723 1938 cum
745 1895 781 1937 se
802 1873 864 1936 sibi
886 1873 1052 1936 traderent
1073 1873 1136 1938 ele·
1158 1876 1198 1944 65

84 1987 189 2056 menta,
222 1979 432 2044 cohaerentia
455 2002 539 2064 quae
571 1982 603 2045 in
636 1981 703 2045 aliis
735 1979 908 2062 conplexio
941 1980 1057 2044 dicitur
1087 1989 1137 2044 est

85 2083 210 2150 inventa
257 2086 501 2171 Conplexiones
531 2088 626 2172 igitur
657 2088 880 2152 elementarias
907 2086 1068 2151 humanae
1090 2088 1137 2152 sic

84 2193 212 2274 applicat
243 2194 460 2259 aedificationi
492 2205 543 2273 ut,
576 2195 694 2279 quibus
726 2196 934 2258 innascuntur
964 2193 1136 2277 principiis,

84 2318 183 2363 eorum
218 2302 360 2385 origines
398 2311 648 2387 consequantur.
701 2300 932 2378 Melancholia,
972 2300 1135 2384 phlegma,

84 2403 205 2473 alterurn
226 2411 347 2473 terreni
369 2410 531 2494 ponderis,
554 2410 690 2475 alterum
712 2410 879 2474 inventum
899 2417 948 2472 est
963 2409 1133 2494 aquaticae
1157 2429 1200 2497 70

83 2511 214 2580 levitatis.
260 2517 368 2601 Ignita
398 2518 501 2582 fervet
533 2518 673 2596 cholera,
705 2519 837 2602 sanguis
869 2518 973 2582 aerius
1003 2517 1135 2582 commi·

83 2623 173 2688 tescit.
198 2621 352 2690 Ceterum
374 2646 440 2690 non
464 2647 610 2710 eaquae
633 2627 666 2691 in
688 2627 821 2692 homine
843 2635 894 2690 est
915 2634 949 2689 et
970 2625 1003 2688 in
1019 2625 1135 2689 ceteris

84 2730 285 2796 animantibus
316 2734 460 2799 Naturae
492 2733 658 2818 diligentia
693 2735 858 2818 reperitur.
911 2734 1135 2816 Intemperans

84 2837 158 2902 enim
178 2839 350 2905 humorum
373 2841 582 2907 cohaerentia
603 2843 773 2908 brutorum
793 2842 1043 2926 conplexionem
1064 2861 1134 2904 sae·

83 2945 144 3026 pius
164 2947 282 3013 assolet
305 2949 493 3033 depravare.
527 2952 650 3017 Asinus
673 2951 776 3018 hebes
798 2960 848 3015 est
869 2972 914 3016 ex
936 2949 1134 3034 phlegmate,
1158 2952 1197 3039 75

83 3050 127 3117 leo
148 3055 316 3123 iracundus
339 3080 383 3122 ex
406 3059 546 3138 cholera,
562 3061 652 3125 canis
674 3060 762 3125 aerio
785 3068 872 3125 totus
894 3058 1032 3122 inficitur
1054 3058 1135 3123 odo·

83 3173 155 3230 ratu.
195 3167 274 3232 Sola
304 3176 338 3232 et
368 3169 536 3253 singularis
566 3165 733 3235 hominum
761 3169 911 3236 conditio.
956 3167 997 3231 de
1020 3166 1134 3231 humo·

83 3293 146 3338 rum
174 3278 337 3362 conplexu
369 3278 455 3343 sacta
484 3288 535 3343 est
562 3280 595 3343 in
617 3279 824 3363 qualitatibus
846 3286 879 3342 et
901 3275 1134 3361 quantitatibus

82 3387 271 3464 temperatio.
327 3395 488 3470 conpacta
519 3396 569 3451 est
600 3386 783 3451 humanitas
790 3435 800 3466 ,
841 3395 998 3470 quantum
1029 3384 1134 3448 curari

82 3491 183 3568 potuit,
212 3492 263 3556 vel
294 3493 471 3576 indigentia
500 3493 552 3558 vel
581 3494 794 3558 redundantia
820 3493 1003 3558 felicitatem
1025 3494 1133 3576 operis
1156 3498 1201 3560 80

82 3596 172 3661 multo
194 3601 321 3682 parcius
345 3608 569 3684 attemptante.
612 3603 770 3665 Futurum
800 3601 886 3665 enim
917 3600 1134 3685 inteligentiae

84 3712 113 3765 et
137 3708 264 3771 rationis
293 3707 512 3772 habitaculum
541 3730 608 3772 non
630 3709 774 3791 oportuit
796 3708 1056 3792 inaequalitatem
1078 3715 1135 3771 aut

84 3811 280 3879 turbatricem
318 3815 440 3879 consilii
471 3815 682 3879 diffidentiam
714 3823 886 3899 pateretur.
940 3813 1134 3880 Conlibratis

83 3916 168 3998 igitur
187 3921 380 4020 hri-moribus
396 3931 429 3985 et
443 3942 555 3986 eorum
578 3923 731 4005 potentiis
746 3923 935 4006 exaequatis
950 3943 1024 3988 cum
1046 3924 1133 3986 usiae
1213 3893 1297 4014 ,μ’

82 4025 281 4093 substantiam
313 4029 483 4112 qualitates
515 4029 737 4106 confecissent,
768 4038 880 4093 secuta
910 4038 960 4094 est
991 4031 1132 4113 partium
1155 4028 1194 4097 85
1262 4019 1274 4026 ’

84 4149 160 4212 quae
174 4155 289 4220 corpus
305 4136 403 4200 elficit
425 4136 600 4220 plenitudo.
632 4156 770 4219 cumque
785 4137 923 4202 formam
939 4146 1133 4221 exposceret

84 4252 295 4308 consummata
328 4242 471 4308 soliditas
501 4244 543 4309 ad
572 4243 764 4327 proiectum,
791 4252 896 4309 totam
919 4244 1132 4308 concretionis

83 4349 241 4414 materiam
270 4373 328 4435 per
359 4352 460 4417 trinas
488 4352 628 4436 primum
654 4351 843 4435 partitiones
865 4351 965 4416 oculis
986 4351 1132 4419 fidelibus
