2978 4990
338 392 381 460 70

336 554 435 638 Quod
458 577 572 621 manus
595 557 737 638 ingessit,
760 557 849 640 quod
865 557 1032 620 'detrivere
1054 555 1202 633 molares,

380 663 478 747 Quod
501 665 689 729 stomachus
713 664 811 741 coxit,
834 664 973 747 denique
996 664 1092 728 sumit
1114 684 1203 746 epar.

336 769 503 835 Convertit
525 780 693 854 mutatque
717 771 807 835 cibos
830 771 1037 854 speciemque
1060 769 1184 834 colorat

250 893 313 957 140
380 877 552 960 Sanguinis
575 887 607 942 et
630 877 768 962 chymos
791 879 936 960 corporis
959 899 1029 941 esse
1050 876 1135 940 lacit.

333 984 412 1048 Inde
435 995 637 1050 recursantes
659 987 784 1050 variato
807 985 906 1049 limite
929 1004 1032 1048 venae

378 1089 569 1155 Consimiles
591 1102 701 1175 partes
724 1092 766 1156 ad
788 1113 846 1155 sua
868 1091 1017 1154 membra
1038 1089 1152 1154 ferunt.

333 1198 450 1281 Deque
473 1207 648 1280 repurgato
672 1199 886 1282 desecatoque
909 1198 1032 1281 liquore

378 1304 499 1388 Deligit
522 1315 555 1370 et
577 1307 711 1370 damnat
733 1326 794 1388 pro
817 1304 950 1368 meliore
973 1303 1105 1368 bonum.

250 1409 307 1493 145
334 1408 530 1477 Commodat
552 1413 638 1476 hanc
662 1433 796 1495 operam
819 1411 921 1495 spleni
944 1410 1101 1474 mundare
1123 1428 1282 1484 cruorem,

377 1519 420 1582 Et
442 1519 519 1582 vitia
542 1528 575 1582 et
597 1519 710 1582 sordes
733 1527 911 1582 extenuare
934 1539 1016 1582 suas.

333 1625 379 1691 Ut
400 1626 485 1689 veris
507 1627 610 1689 succis
633 1635 666 1689 et
688 1633 816 1690 tantum
839 1626 996 1707 sanguine
1018 1644 1101 1706 puro

375 1732 529 1796 Pascatur
551 1733 671 1796 domini
694 1731 847 1796 deliciosa
868 1731 978 1794 sames.

331 1837 464 1902 Talibus
487 1839 528 1902 ad
551 1860 710 1904 summum
732 1839 911 1904 'rationibus
933 1837 998 1902 olla
1021 1836 1168 1901 ciborum

248 1943 311 2012 150
377 1946 436 2009 Est
458 1946 653 2023 stomachus,
676 1944 835 2011 stomachi
858 1945 899 2010 fel
922 1965 1054 2028 coquus,
1076 1952 1189 2006 auctor
1211 1963 1302 2024 epar.

294 2037 314 2182 'l
331 2053 452 2117 Insidet
474 2052 534 2116 has
558 2055 662 2136 epatis
684 2062 794 2137 partes
817 2053 928 2116 innata
951 2050 1111 2134 voluptas

306 2182 308 2209 ι
377 2159 420 2226 Et
442 2161 550 2242 gravis
573 2160 605 2223 in
629 2169 746 2226 nostra
763 2180 861 2223 carne
883 2168 1041 2233 tyrannus
1064 2177 1164 2221 amor.

333 2479 486 2563 Corporis
510 2489 691 2544 extremum
713 2480 868 2546 lascivum
890 2481 1042 2544 terminat
1064 2480 1193 2561 inguen,

282 2591 284 2596 ’
376 2588 491 2653 Pressa
512 2588 573 2652 sub
597 2589 732 2652 occidua
753 2596 847 2671 parte
870 2586 1023 2670 pudenda
1045 2586 1155 2651 latent.
1232 2615 1234 2627 ν

248 2691 307 2760 153
331 2694 556 2778 Ioeundusque
579 2703 689 2758 tamen
712 2702 745 2758 et
768 2715 880 2758 eorum
904 2690 1094 2758 commodus
1116 2711 1200 2768 usus,

377 2802 412 2866 Si
435 2801 575 2885 quand0,
598 2801 700 2884 qualis
723 2810 862 2884 quantus
885 2809 1025 2883 oportet,
1049 2800 1117 2868 erit,
1239 2826 1242 2842 ·

333 2906 469 2972 Saecula
492 2929 533 2971 ne
555 2916 691 2990 pereant
714 2909 888 2992 decisaque
912 2916 1018 2971 cesset
1041 2907 1144 2988 origo,

377 3014 419 3078 Et
441 3023 568 3098 repetat
590 3015 728 3098 primum
751 3035 858 3079 massa
881 3003 992 3078 soluta*
1008 3013 1119 3076 chaos.

331 3120 388 3186 Ad
411 3122 526 3204 genios
547 3122 650 3186 fetura
673 3122 755 3185 duos
778 3123 940 3186 concessit
962 3130 995 3184 et
1018 3120 1093 3184 olim

248 3231 311 3294 160
378 3227 591 3293 Commissum
614 3230 751 3311 geminis
773 3229 925 3293 fratribus
950 3227 1025 3292 illud
1048 3246 1138 3309 opus.

332 3334 414 3401 Cum
436 3346 541 3400 morte
564 3337 672 3400 invicti
695 3345 843 3420 pugnant
865 3335 1045 3419 genialibus
1068 3333 1173 3409 armis,

376 3443 535 3506 Naturam
557 3452 710 3526 reparant
732 3451 990 3526 perpetuantque
1013 3461 1125 3524 genus.

331 3548 408 3614 Non
430 3549 566 3614 mortale
588 3551 679 3628 mori,
703 3570 769 3613 non
791 3551 881 3634 quod
905 3549 990 3613 cadit
1014 3568 1086 3612 esse
1109 3544 1277 3624 caducum,

376 3658 462 3721 Nam
485 3657 586 3739 stirpe
608 3657 774 3722 hominem
796 3657 970 3739 deperiisse
992 3656 1108 3724 sinunt.

247 3762 306 3830 165
332 3763 448 3827 Militat
470 3763 624 3827 adversus
646 3763 808 3826 Lachesin
831 3763 1010 3847 sollersque
1033 3761 1171 3826 renodat

375 3869 521 3934 Mentula
542 3870 715 3934 Parcarum
738 3869 792 3933 fila
814 3879 940 3934 resecta
962 3891 1070 3933 manu.

332 3976 453 4042 Defluit
474 3977 517 4041 ad
537 3996 634 4041 renes
657 3977 781 4040 cerebri
804 3977 939 4060 regione
961 3977 1111 4040 remissus

377 4082 517 4167 Sanguis
540 4093 573 4147 et
595 4083 733 4147 albentis
755 4084 926 4166 spermatis
950 4083 1049 4148 instar
1072 4081 1183 4148 habet.

331 4192 466 4255 Format
489 4200 522 4254 et
544 4190 668 4273 effingit
691 4191 803 4257 sollers
825 4199 941 4255 natura
962 4190 1128 4274 liquorem,

248 4313 311 4382 170
377 4298 423 4364 Ut
445 4296 537 4362 simili
560 4297 688 4383 genesis
710 4318 767 4364 ore
791 4297 924 4366 reducat
947 4317 1034 4364 avos

1272 3961 1289 3999 Υ
