2978 4990
1138 425 1222 507 ’σε

160 616 295 679 nunciet
328 638 413 700 quae
445 617 562 681 viderit
593 620 750 682 universa
804 618 841 680 In
873 617 1017 701 occipitis
1048 617 1228 682 reductiore
1254 597 1340 685 la(

156 721 306 787 thalamo
329 725 489 788 memoria
511 727 722 809 conquiescat
753 744 803 802 ne,
826 725 852 786 si
875 725 981 807 primo
1003 724 1161 789 visionum
1182 725 1226 789 ia·

158 826 278 891 cuisset
301 829 334 892 in
356 829 473 906 limine,
496 828 674 913 figurarum
692 830 955 915 frequentissimis
970 831 1159 915 pertubetur
1179 831 1225 896 in·

158 935 316 998 cursibus.
359 937 502 999 Primam
531 937 698 1002 interiacet
729 946 763 1002 et
784 937 927 1002 ultimam
950 939 1032 1002 ratio
1055 938 1163 1002 media
1183 937 1226 1002 de

158 1041 257 1104 rebus
280 1041 463 1106 alterutrius
486 1052 576 1107 certo
606 1045 723 1108 iudicio
752 1047 928 1128 provisura
973 1044 1028 1109 Sic
1050 1045 1147 1128 igitur
1168 1043 1226 1109 sni·

159 1148 237 1211 dem
268 1169 350 1232 erga
380 1151 506 1233 regiam
536 1153 649 1234 capitis
678 1152 939 1217 machinamenta
966 1152 1104 1216 collocat
1132 1153 1228 1216 inter·
1252 1158 1315 1226 130

158 1256 274 1319 nuntia
295 1258 464 1334 sentiendi,
487 1266 523 1321 ut
544 1258 586 1322 de
608 1261 761 1342 proximo
784 1260 930 1324 sensibus
952 1257 1227 1342 interpellantibus
1251 1320 1254 1332 ‚

159 1363 202 1426 de
231 1363 386 1445 proximo
415 1365 555 1447 prodeat
577 1366 633 1450 qui
663 1367 781 1430 iudicet
802 1366 988 1431 intellectus.
1034 1363 1119 1447 Quia
1141 1366 1226 1430 enim

159 1469 203 1533 ad
234 1468 375 1552 plurima
405 1471 593 1536 deferuntur
625 1474 767 1550 erronei,
799 1495 820 1539 a
849 1474 923 1538 loco
952 1473 1128 1556 sapientiae
1159 1493 1226 1537 non

159 1579 307 1661 oportuit
344 1578 501 1663 elongari.
554 1578 663 1664 Caput
701 1582 811 1666 itaque
842 1581 1121 1665 dispositissimam
1152 1599 1225 1645 cum

158 1685 225 1749 suis
248 1686 435 1750 diversoriis
465 1687 598 1751 domum
628 1688 756 1753 animae
779 1698 812 1753 et
834 1689 999 1753 vivacitati
1021 1688 1089 1753 eius
1111 1687 1226 1772 Physis
1252 1691 1309 1762 135

158 1792 330 1872 accelerat,
353 1803 389 1858 ut
411 1795 476 1858 iam
498 1796 688 1861 succederet
711 1805 896 1880 apparatae.
942 1798 1065 1862 Verum
1088 1796 1227 1879 simplex

157 1900 313 1984 simplicis
344 1923 475 1986 unaque
506 1903 635 1967 animae
665 1904 767 1968 virtus
797 1913 855 1982 est,
883 1904 941 1968 sed
968 1924 1034 1968 non
1061 1902 1227 1968 uniformis

157 2008 335 2091 egreditur.
380 2009 443 2073 Per
472 2009 585 2074 oculos
615 2011 701 2074 enim
730 2012 825 2090 visus,
854 2033 915 2095 per
940 2031 1033 2074 aures
1055 2010 1227 2094 egrediens

157 2126 210 2180 est
239 2117 377 2181 auditus
421 2117 479 2182 Ad
510 2118 650 2183 eundem
679 2119 813 2183 modum
837 2120 870 2182 in
893 2118 1008 2183 ceteris
1029 2117 1226 2183 deformatur

156 2224 338 2288 secundum
354 2226 576 2290 diversitatem
598 2228 829 2305 membrorum,
852 2227 969 2312 quibus
990 2226 1088 2290 utitur
1111 2226 1225 2290 instru-
1251 2246 1314 2313 140

157 2332 287 2396 mentis.
323 2330 446 2398 Sensus
462 2333 559 2417 igitur
574 2354 640 2397 uno
656 2335 697 2398 de
713 2334 802 2399 sonte
818 2335 987 2419 prodeunt,
1010 2334 1068 2398 sed
1083 2334 1226 2398 diversas

157 2441 341 2524 expediunt
362 2441 518 2507 actiones,
562 2442 618 2506 Ille
641 2443 775 2522 colores,
798 2444 849 2510 ille
872 2465 980 2521 sonos,
1002 2443 1083 2507 alter
1105 2450 1227 2526 gustus,

156 2549 240 2614 alter
254 2550 448 2616 odoramina
462 2553 675 2634 persentiscit.
707 2553 865 2621 Membris
880 2552 1059 2618 communis
1075 2551 1226 2617 omnibus

155 2667 264 2722 tactus
279 2659 428 2749 diffusior
443 2662 612 2727 invenitur.
651 2665 772 2732 Sensus
790 2667 875 2732 unde
890 2664 1105 2739 suboriuntur,
1121 2660 1164 2725 ad
1186 2679 1226 2723 ea

157 2777 337 2853 cognatam
353 2769 599 2854 intelligentiam
614 2782 734 2840 tenent.
766 2775 843 2839 Sine
862 2777 938 2858 igne
961 2791 1022 2836 nec
1038 2769 1133 2846 visus,
1155 2766 1225 2830 sine
1251 2765 1309 2850 145

158 2884 234 2943 a'ere
257 2898 322 2942 nec
344 2882 494 2947 odoratio
518 2883 686 2948 conficitur
701 2903 763 2947 nec
777 2883 933 2947 formatur
947 2877 1077 2943 auditio.
1106 2875 1226 2940 Gustus

157 3009 275 3074 aquae,
298 2998 404 3055 tactus
427 3001 536 3056 terrae
552 2992 723 3075 cognatior
744 2992 777 3054 in
801 2983 1125 3054 consubstantialibus
1147 3002 1224 3065 ope·

156 3116 256 3170 ratur.
298 3102 396 3167 Cuius
424 3104 511 3168 enim
534 3100 684 3165 elementi
713 3097 866 3184 qualitate
888 3095 1086 3170 substistunt,
1108 3090 1225 3156 eodem

155 3214 319 3298 similique
342 3212 460 3281 iudicio
484 3206 763 3294 conprehendunt
838 3281 839 3284 Ἴ

156 3846 248 3913 XIV.
280 3805 438 3916 Guditur
460 3838 574 3905 artifici
597 3837 896 3918 circumspectoque
917 3828 1020 3914 politu

201 3953 344 4019 Fabrica
365 3957 500 4014 naturae
522 3943 760 4030 primipotentis
782 3940 892 4004 homo.

158 4060 329 4144 Delegisse
352 4065 452 4141 caput
474 4053 640 4138 propriam
661 4047 818 4133 sapientia
839 4044 951 4110 sedem
1007 4111 1015 4122 ,

203 4168 354 4233 Creditur
377 4174 411 4230 et
433 4160 583 4228 thalamis
606 4156 788 4223 exsecuisse
809 4152 922 4218 tribus.

159 4276 196 4351 In
218 4276 323 4341 tribus
348 4281 399 4338 est
420 4271 547 4336 animae
569 4275 680 4332 ternus
701 4263 809 4346 vigor:
833 4255 966 4343 expedit
986 4263 1097 4323 actum
1247 4248 1265 4318 ⁵

203 4384 444 4449 Incommutato
467 4377 603 4464 quisque
624 4381 739 4439 tenore
761 4389 862 4434 suum.

231 4491 379 4554 Barach‚
397 4487 540 4540 Bernardus
559 4481 691 4536 Silvestn's.
1050 4481 1065 4537 5
