3020 4986
335 459 379 525 42

272 619 310 689 55
335 643 402 686 non
424 620 546 704 torpuit
568 618 831 697 consideratione,
854 638 920 683 non
942 617 1101 702 relanguit
1115 615 1340 693 misericordia,
1355 622 1390 678 ut
1487 613 1488 678 l

336 729 530 815 quandoque
559 735 708 811 parceret
736 727 789 792 vel
809 727 902 792 sexui
923 726 975 791 vel
997 727 1116 791 decori.
1160 726 1285 790 Natura
1306 723 1390 788 senis
1487 735 1488 772 1

335 836 555 901 crudelitatem
578 833 746 900 exhonuit
768 843 809 912 et,
825 855 866 898 ne
888 854 998 900 sacros
1013 833 1123 897 oculos
1145 832 1241 897 foedo
1256 831 1392 896 violaret
1487 831 1488 842 ’

335 945 460 1022 obtutu,
483 943 597 1008 laciem
619 962 710 1007 suam
732 941 878 1026 virginea
906 941 1104 1024 pavitatione
1127 940 1273 1004 devertit.
1317 939 1392 1004 Fuit
1487 981 1488 988 .

334 1051 404 1116 seni
425 1071 523 1115 unum
545 1049 679 1115 malum:
701 1068 799 1114 unam
820 1049 987 1114 saevitiam
1010 1055 1186 1123 exerceret,
1205 1047 1231 1110 si
1247 1045 1392 1131 quando·
1487 1021 1488 1098 i

268 1159 398 1244 doque
427 1178 524 1241 quem
552 1157 725 1222 devoraret
756 1157 895 1221 abesset.
941 1153 1065 1220 Crudus
1094 1154 1200 1220 adhuc
1228 1174 1289 1218 nec
1311 1139 1393 1218 citra

334 1266 418 1330 vires
441 1265 591 1328 emeritus
613 1264 776 1346 insumpto
797 1262 886 1328 falcis
901 1263 1056 1340 acumine,
1072 1261 1222 1347 quicquid
1237 1245 1391 1344 pulcrum,
1487 1311 1488 1336 ,

334 1371 486 1457 quicquid
508 1370 702 1454 florigerum,
725 1371 922 1436 demetebat.
952 1370 1058 1434 Rosas
1080 1377 1114 1434 et
1134 1368 1198 1432 lilia
1219 1378 1253 1432 et
1274 1376 1391 1444 cetera,
1487 1455 1488 1472 χ

333 1487 367 1544 et
388 1478 513 1544 olerum
541 1499 664 1561 genera
692 1478 774 1541 sicut
804 1479 891 1542 nasci
916 1498 983 1542 non
1005 1477 1147 1554 sustinet,
1169 1496 1236 1540 non
1257 1475 1391 1539 sustinet
1487 1475 1488 1554 ζ

333 1594 368 1650 et
389 1584 515 1650 llorere.
544 1585 648 1649 Huius
670 1585 843 1668 spectaculi
865 1584 1108 1668 praefigurabat
1130 1583 1278 1666 imagine,
1293 1601 1390 1667 quam
1487 1627 1488 1674 ,

267 1691 308 1760 65
333 1691 501 1776 pestilens,
540 1711 638 1777 quam
678 1693 856 1756 contrarius
887 1692 1067 1756 immineret
1096 1689 1257 1754 humanae
1288 1688 1390 1753 soboli
1487 1719 1488 1738 κ

333 1819 413 1864 mox
441 1799 566 1864 futurae
587 1819 715 1863 veneno
744 1799 792 1862 sui
820 1798 932 1863 sideris
955 1807 988 1862 et
1009 1796 1205 1881 pemecabili
1228 1795 1389 1882 qualitate.
1487 1791 1488 1800 ’

333 1907 387 1971 Ex
425 1904 645 1988 contemplatu
677 1925 814 1988 operum
845 1905 959 1970 durum
997 1905 1073 1969 licet
1103 1904 1264 1968 adiudicet
1294 1911 1328 1968 et
1358 1903 1391 1966 in
1487 1887 1488 1894 ἵ

333 2020 508 2096 posterum,
531 2034 575 2077 ex
597 2032 637 2076 eo
659 2020 770 2077 tamen
792 2012 917 2077 Natura
945 2033 1056 2077 senem
1079 2011 1214 2076 credidit
1235 2031 1390 2075 veneran-

333 2119 419 2198 dum,
448 2120 536 2206 quod
567 2120 765 2184 aeternitatis
794 2104 875 2183 filius
898 2117 1024 2184 Cronos
1052 2127 1209 2204 paterque
1237 2118 1391 2200 temporis
1487 2111 1488 2120 ’

271 2243 313 2312 70
334 2227 503 2292 diceretur.
533 2225 627 2291 Licet
648 2227 746 2310 igitur
760 2227 902 2312 quietem
923 2247 1123 2310 pausamque
1137 2226 1190 2289 via
1204 2224 1391 2308 productior

333 2333 519 2416 postularet,
542 2333 680 2398 nonfuit
703 2342 812 2398 tamen
828 2332 993 2397 consilium
1015 2332 1076 2396 illic
1098 2331 1272 2415 hospitium
1294 2330 1389 2395 collo·

334 2459 417 2519 care,
448 2441 504 2506 ubi
532 2439 646 2523 gelidis
678 2449 711 2505 et
740 2441 898 2524 pruinosis
930 2438 1090 2523 rigoribus
1119 2439 1284 2502 demutata
1313 2435 1390 2500 caeli

306 2546 543 2633 stranquillitas
570 2546 772 2612 inhorrescit.
795 2584 839 2596 —
870 2547 1081 2630 Praesumpto
1104 2547 1200 2629 igitur
1222 2545 1318 2608 animi
1340 2565 1389 2608 ro·

333 2653 415 2719 bore
442 2653 613 2741 infecunda
636 2652 766 2719 Saturni
795 2654 917 2737 frigora
943 2662 1204 2730 transcurrentes,
1227 2673 1293 2735 qua
1314 2650 1390 2715 mul·

269 2759 307 2846 75
333 2761 438 2825 cebris
467 2769 501 2825 et
529 2759 675 2825 salutaris
702 2769 752 2825 est
773 2760 904 2844 Jupiter,
927 2761 1119 2825 restiterunt.
1162 2760 1264 2824 Huius
1287 2759 1389 2842 regio·

334 2869 382 2931 nis
406 2866 549 2951 Oyarses
572 2867 654 2932 adeo
676 2888 839 2950 praesens,
862 2867 945 2932 adeo
968 2868 1144 2946 benivolus,
1175 2877 1210 2932 ut
1233 2886 1307 2931 eum
1328 2863 1389 2928 La·

254 3014 276 3074 s
333 2974 441 3039 tinitas
462 2975 574 3039 Iovem
596 2975 819 3040 nominareta
849 2975 997 3039 iuvando.
1041 2974 1188 3060 fidesque
1215 2982 1265 3038 est
1294 2991 1389 3058 quam

334 3081 510 3146 certissima
531 3103 591 3164 per
612 3082 721 3146 omnia
735 3081 846 3145 mundi
861 3082 1008 3146 membra
1023 3081 1294 3166 indulgentiarum
1307 3079 1389 3143 Iovis

332 3188 492 3253 beneficia
512 3208 691 3272 permeare.
736 3188 981 3254 Amoenitatem
1003 3189 1110 3254 circuli
1131 3188 1325 3253 blandientis
1345 3187 1389 3250 in·

269 3299 312 3362 80
333 3307 464 3379 gressae
492 3295 652 3360 levorsum
682 3297 787 3379 primo
808 3295 893 3360 Iovis
922 3297 954 3360 in
983 3295 1091 3360 limine
1120 3296 1184 3360 duo
1207 3295 1293 3361 dolia
1316 3313 1389 3358 con·

332 3403 506 3486 spicantur.
530 3422 668 3488 quorum
683 3401 818 3466 alterum
833 3403 930 3467 tristis
953 3403 1112 3481 absinthii,
1134 3402 1235 3467 mellis
1257 3401 1390 3466 alterum

333 3509 498 3574 dulcorati.
545 3507 806 3574 Circumstabant
835 3519 868 3574 et
899 3511 1025 3575 animae
1047 3510 1233 3575 alterutrum
1253 3509 1390 3573 vicissim

332 3616 499 3700 poculum,
530 3617 556 3680 si
588 3617 718 3702 quando
751 3617 918 3699 prodirent
948 3618 981 3681 in
1013 3636 1166 3700 corpora,
1197 3626 1391 3700 gustaturae.
1487 3635 1488 3664 l

333 3723 383 3788 Ea
411 3723 497 3788 enim
525 3723 709 3788 conditione
738 3723 798 3788 sub
819 3724 897 3788 Iove
919 3725 1091 3789 vivendum
1118 3725 1281 3802 universis,
1308 3733 1344 3788 ut
1365 3723 1390 3787 si

269 3827 308 3896 85
334 3829 466 3914 quando
488 3830 530 3895 de
559 3829 791 3914 temporalibus
820 3851 936 3896 causae
959 3831 1180 3897 delectationis
1207 3831 1390 3907 obveniant,

334 3937 511 4003 obveniant
541 3947 574 4003 et
603 3937 731 4002 doloris.
775 3938 813 4003 In
844 3939 1034 4004 consistorio
1064 3960 1122 4003 suo
1151 3939 1271 4022 Iupiter
1302 3937 1391 4020 regia

333 4043 538 4126 praenitebat
559 4045 745 4109 maiestate:
771 4064 903 4110 manum
925 4047 1054 4131 quidem
1076 4053 1256 4128 sceptratus
1278 4043 1390 4109 dexte
1487 4031 1488 4072 ³

334 4168 412 4228 ram,
428 4151 470 4216 de
484 4152 611 4216 sinistra
625 4152 837 4235 suspenderat
851 4162 1101 4232 momentanam‚
1124 4153 1166 4217 ad
1181 4153 1269 4217 cuius
1284 4151 1390 4237 aequi·
1487 4225 1488 4236 χ

333 4257 506 4324 libritatem
534 4277 621 4325 nunc
649 4258 817 4326 hominum
845 4281 931 4325 nunc
960 4281 1012 4326 res
1034 4258 1185 4346 supersim
1207 4260 1390 4343 pensitaret
1472 4251 1488 4332 ᾖ

268 4381 314 4453 90
335 4362 497 4452 Quicquid
526 4367 623 4454 igitur
650 4375 773 4436 statera
801 4367 926 4436 fidelior
953 4369 1040 4437 iustis
1068 4368 1266 4456 ponderibus
1295 4386 1390 4432 exae·
1487 4437 1488 4440 ,
