3020 4986
1179 411 1223 493 37

161 593 245 656 sicut
274 599 382 656 aerem
412 591 577 656 altitudine
607 595 825 673 supergressa,
849 591 894 654 sic
917 592 999 655 aeris
1021 589 1223 675 passionibus
1245 607 1290 673 40

158 699 265 765 libera
293 691 359 765 non
389 701 542 764 densatur
570 698 693 781 pluviis
723 719 789 763 non
818 700 966 783 procellis
989 701 1140 766 incutitur
1162 721 1223 766 nec

159 808 273 873 nubilo
304 807 493 872 turbidatur.
545 806 596 870 Eo
626 806 782 871 Uraniam
810 808 934 873 Natura
962 810 1175 894 prosequitur,
1198 810 1224 873 si

157 917 215 980 vel
236 937 310 980 eam
331 917 393 980 loci
416 916 607 998 proximitas
628 914 680 981 vel
702 916 828 998 species
850 916 1021 987 invitasset¹
1037 916 1147 980 otiosis
1162 917 1224 980 dis·

159 1024 308 1088 cursibus
337 1032 519 1106 evagatam.
566 1020 633 1086 Sed
662 1024 809 1106 reginam
838 1023 998 1086 sideream
1027 1022 1116 1086 locus
1146 1023 1224 1087 alius

157 1131 337 1196 detinebat.
384 1128 484 1194 Cassa
512 1138 599 1208 voto,
630 1149 723 1194 cassa
751 1131 920 1212 proposito
950 1151 1017 1194 non
1040 1140 1089 1195 est
1111 1151 1223 1194 morae
1244 1125 1285 1208 45

157 1248 277 1324 questa
299 1239 510 1320 dispendium,
534 1239 610 1322 quia
631 1239 765 1320 gratiosi
788 1236 961 1319 splendore
983 1237 1108 1301 luminis
1131 1257 1224 1302 suum

154 1345 278 1410 saltem
300 1347 443 1429 pavisset
464 1355 642 1428 aspectum.
677 1346 801 1409 Itineris
825 1365 905 1428 ergo
927 1345 1134 1428 promotione
1155 1345 1223 1409 lon·

154 1455 281 1537 gissimi
310 1462 476 1518 extremos
508 1454 591 1517 intra
617 1442 755 1517 vertices
788 1453 929 1536 quinque
963 1452 1042 1516 caeli
1072 1452 1225 1535 ligamina

154 1560 330 1644 parallelos
359 1559 578 1624 scrutabunda
608 1560 805 1624 conscendit.
853 1557 920 1623 Sed
943 1559 1071 1623 diversa
1093 1559 1224 1644 quidem

154 1669 350 1750 intemperie
379 1668 559 1732 fervoribus
588 1672 670 1731 unus
702 1667 760 1730 sed
791 1666 924 1743 medius,
956 1666 1129 1750 frigiditate
1158 1668 1224 1731 duo
1248 1661 1290 1730 50

154 1776 218 1840 sed
247 1775 386 1840 extremi
414 1775 626 1857 inpatientem
656 1773 864 1838 habitationis
894 1773 1042 1837 duritiem
1064 1774 1224 1857 praefere-

154 1883 251 1947 bant.
298 1881 441 1944 Diversis
464 1881 670 1966 qualitatibus
700 1889 992 1963 temperamentum
1015 1889 1225 1945 contraxerat

154 1989 210 2053 ille
237 1989 290 2052 vel
319 1987 371 2052 ille
401 1989 455 2072 qui
484 1987 587 2052 luerat
616 1987 786 2070 parallelus
816 1996 1037 2051 extremorum
1063 1989 1225 2074 mediique

152 2096 311 2161 lateribus
334 2094 567 2159 circumclusus.
602 2095 664 2158 Per
686 2114 799 2158 eorum
821 2095 955 2159 diffusas
976 2096 1035 2158 sed
1057 2095 1224 2160 distinctas

153 2203 341 2267 latitudines
362 2202 498 2267 sollicito
513 2210 547 2266 et
561 2202 765 2286 disquisition
788 2202 901 2266 intuitu
923 2211 1131 2286 pervagatur.
1158 2199 1220 2266 Co·
1246 2195 1283 2264 55

155 2310 262 2374 lurum
285 2311 309 2373 it
332 2310 479 2393 reditque
502 2309 689 2374 alterutrum
713 2309 926 2373 conmissuras
950 2308 991 2373 ad
1014 2309 1141 2373 ultimas
1163 2330 1224 2391 per
1269 2311 1272 2319 “

156 2418 417 2482 concurrentiam
431 2417 594 2480 linearum.
622 2417 659 2480 In
683 2416 807 2493 coluris,
830 2417 863 2479 in
885 2415 1053 2497 parallelis,
1076 2417 1108 2479 in
1131 2415 1222 2479 utris·

155 2545 223 2609 que
245 2525 437 2610 disquiritur,
459 2524 492 2588 in
514 2524 633 2587 neutris
662 2523 829 2605 reperitur.
876 2520 1099 2604 Splendorem‚
1124 2542 1222 2607 quem

157 2632 200 2696 de
239 2631 420 2714 pluralitate
457 2630 641 2694 confecerat
676 2621 793 2713 globus
830 2630 970 2693 siderum
1006 2629 1222 2706 circumfusus,

157 2740 250 2824 quasi
279 2739 427 2802 semitam
456 2746 628 2820 prosecuta
657 2736 822 2821 galaxiam
851 2737 970 2814 incidit,
1002 2757 1066 2821 qua
1095 2735 1222 2799 duobus
1244 2735 1289 2800 60

155 2847 290 2929 tropicis
322 2845 508 2928 signiferum
540 2845 714 2909 ambiendo
747 2845 914 2927 contingit.
960 2845 1074 2928 Itaque
1106 2841 1222 2908 Cancri

156 2954 244 3018 circa
274 2938 448 3017 confinium
477 2952 590 3016 turbas
618 2953 801 3015 innumeras
824 2951 939 3034 vulgus
966 2951 1080 3033 aspicit
1102 2951 1219 3014 anima‘

155 3081 237 3125 rum.
284 3057 379 3142 Quae
402 3059 532 3144 quidem
554 3078 667 3123 omnes
689 3059 829 3122 vultibus
852 3058 968 3142 quibus
991 3055 1054 3122 itur
1076 3057 1118 3122 ad
1141 3077 1218 3122 exe·

156 3169 249 3252 quias
272 3177 305 3232 et
328 3166 520 3252 quibusdam
544 3167 634 3252 quasi
655 3165 793 3230 lacrimis
817 3165 1039 3230 conturbatae.
1087 3154 1220 3248 Quippe

155 3275 198 3338 de
221 3274 393 3357 splendore
423 3274 465 3338 ad
494 3274 656 3350 tenebras,
688 3273 729 3336 de
760 3273 850 3336 caelo
873 3273 956 3336 Ditis
979 3273 1021 3337 ad
1044 3273 1220 3355 imperium,
1243 3269 1283 3337 65

155 3382 198 3446 de
228 3382 417 3446 aeternitate
447 3381 489 3444 ad
519 3401 660 3464 corpora
689 3400 749 3463 per
773 3377 891 3444 Cancri
920 3380 1113 3443 domicilium
1136 3400 1221 3464 quae

154 3489 281 3554 fuerant
303 3489 516 3552 descensurae
538 3489 620 3552 sicut
641 3507 751 3569 purae,
775 3487 857 3551 sicut
878 3486 1046 3569 simplices
1068 3486 1220 3550 obtusum

156 3617 354 3681 caecumque
370 3595 514 3679 corporis
525 3596 612 3680 quod
622 3594 773 3678 apparari
788 3595 987 3679 perspiciunt
1002 3593 1220 3658 habitaculum

157 3703 389 3768 exhorrebant.
420 3703 478 3767 Ad
494 3703 586 3767 huius
603 3703 648 3766 rei
670 3702 892 3785 spectaculum
913 3723 1006 3767 mora
1029 3709 1220 3784 consumpta

155 3821 206 3875 est
228 3810 398 3896 aliquanta,
421 3820 455 3876 et
477 3831 560 3895 quae
584 3810 747 3894 quaeritur
769 3830 836 3873 non
860 3810 999 3874 inventa.
1045 3809 1136 3891 Ergo
1158 3829 1219 3890 per
1243 3823 1286 3892 70

156 3912 353 3982 solstitialem
382 3917 500 3982 lineam
530 3918 616 3981 viam
645 3916 746 3980 flectit
777 3917 818 3981 ad
842 3916 993 3981 circulum
1015 3916 1219 4000 planetarum

156 4025 301 4109 hospitiis
324 4034 358 4090 et
379 4025 532 4107 potentiis
556 4025 755 4107 deputatum.
796 4021 891 4088 Cuius
914 4033 1023 4107 partes
1046 4024 1218 4088 duodecim

155 4130 346 4196 laboriosior
360 4133 412 4196 via
428 4141 478 4196 est
492 4152 669 4215 peragrare
684 4131 875 4216 obliquitate
891 4131 998 4195 circuli
1021 4131 1217 4196 retardante.

154 4219 364 4323 Reliquorum
393 4239 533 4304 suerum
565 4238 730 4303 itineribus
762 4238 921 4303 destitutis
952 4239 1038 4302 viam
1067 4238 1142 4302 sons
1171 4239 1217 4302 rn-

156 4348 308 4434 greditur,
332 4350 408 4435 quia
437 4349 541 4414 minus
571 4346 752 4414 inflexionis
775 4347 901 4412 habens
933 4346 1040 4413 medio
1071 4346 1218 4432 dirigitur
1242 4343 1280 4429 75
