3020 4986
155 827 217 891 IV.
249 787 414 917 supremi
435 835 568 900 decreta
588 834 660 913 Dei,
681 833 815 915 Natura,
837 845 993 922 reportas,

204 936 331 1022 Quidve
353 961 467 1006 recens
489 941 558 1005 fieri
580 961 673 1006 sacra
695 962 787 1008 mens
808 944 895 1009 velit.

154 1046 251 1112 Velle
272 1047 343 1126 Dei,
365 1049 520 1114 formetur
542 1047 652 1127 homo,
675 1050 725 1114 cui
748 1069 866 1135 corpus
889 1052 932 1116 ab
954 1051 1033 1130 imis,

201 1153 237 1217 A
258 1155 381 1240 superis
403 1156 526 1220 animus
548 1177 645 1240 super
666 1156 787 1222 influat.

153 1256 306 1328 Ouadret
328 1282 410 1345 opus
431 1262 591 1348 faciatque
613 1283 706 1328 suum
727 1264 873 1330 iunctura
894 1263 1061 1330 decorem:
1239 1265 1255 1335 5

201 1367 297 1451 Velle
318 1370 389 1446 Dei,
411 1369 495 1452 desit
517 1369 619 1434 solido
642 1369 728 1434 nihil.

151 1473 253 1540 Velle
273 1474 344 1552 Dei,
366 1476 506 1540 mixtura
528 1475 669 1554 modum,
691 1475 868 1543 modulatio
890 1498 1020 1557 nexum,

200 1581 314 1645 Nexus
336 1582 508 1646 amicitiam
529 1581 634 1665 pariat
656 1601 758 1646 sacer.

149 1688 208 1752 Ne
230 1689 342 1771 pigeat
364 1698 506 1754 mentem
530 1708 645 1753 caecas
667 1687 816 1754 habitare
838 1688 991 1756 tenebras

201 1795 448 1881 Hospitiumque
470 1797 537 1879 pati
559 1816 661 1879 grave
684 1795 838 1879 corporis

149 1902 208 1966 Ne
230 1893 363 1985 propria
384 1903 426 1967 de
449 1922 546 1968 carne
569 1910 668 1988 queat
689 1902 802 1967 secisse
825 1902 990 1987 querelam

201 2005 339 2091 Spiritus
361 1997 491 2093 inperiis
513 2009 696 2074 subiectior.

151 2116 204 2181 Ut
227 2134 363 2179 concors
384 2116 445 2196 sibi
468 2116 637 2200 disparitas
661 2116 805 2180 coniuret
827 2115 938 2194 amice,

201 2221 303 2286 Huius
325 2223 367 2287 ad
390 2223 467 2287 artis
489 2243 572 2306 opus
594 2242 705 2287 comes
727 2241 857 2305 evocor.

152 2327 235 2391 Non
256 2327 468 2392 aliena-subis
489 2337 627 2407 nostros,
649 2329 782 2407 Natura,
805 2336 949 2412 penates,

200 2434 259 2498 Me
279 2435 337 2500 tibi
358 2456 548 2519 germanam
569 2436 663 2520 Noys
685 2437 793 2501 edidit

152 2543 286 2625 Nempe
307 2551 398 2606 tuum
418 2563 522 2626 genus
543 2562 642 2608 unum
664 2563 788 2608 meum:
809 2551 844 2608 te
865 2541 1012 2626 publicus
1033 2543 1131 2622 orbis,

77 2624 91 2646 ⁵
199 2649 293 2715 Unus
314 2669 367 2713 me
390 2650 504 2733 recipit
524 2649 614 2714 locus
637 2649 786 2736 aetheris.

153 2753 239 2821 Cum
261 2757 384 2839 superis
406 2756 551 2820 delector
570 2769 645 2840 ego,
668 2756 813 2821 delector
834 2755 867 2821 in
889 2756 990 2834 astris,

200 2861 388 2949 Officiisque
409 2865 489 2944 meis
511 2865 620 2946 gravis
641 2862 824 2930 abstrahor.

152 2970 192 3034 In
215 2971 308 3035 terris
330 2969 430 3036 homo
453 2969 598 3035 terrenus
620 2970 830 3036 fabricabitur
846 2954 979 3054 hospes,

200 3076 246 3141 Et
266 3076 440 3142 descensus
462 3098 503 3142 eo
524 3077 602 3141 mihi
625 3097 691 3141 non
712 3076 801 3141 levis.

153 3184 297 3250 Humida
319 3184 469 3250 colluvies
491 3183 600 3248 humili
624 3183 824 3248 contermina
845 3191 951 3249 terrae

201 3290 348 3356 Laeserit
370 3313 389 3356 e
410 3291 493 3357 sacili
514 3299 661 3356 nostrum
682 3291 784 3356 iubar.

158 3396 226 3464 Sed
249 3398 337 3484 quod
360 3399 402 3464 ab
425 3397 612 3482 archetypis
635 3418 675 3462 ea
696 3419 749 3462 res
771 3397 900 3464 detorta
921 3398 1042 3483 figuris,
1238 3398 1277 3472 25

202 3505 369 3571 Excusare
390 3507 477 3571 viam
498 3506 602 3570 minus
624 3506 767 3588 expedit

155 3613 251 3678 quta
272 3613 399 3678 divinae
421 3633 629 3697 summaeque
651 3611 792 3682 sacraria
813 3613 930 3678 mentis

201 3719 358 3806 Exequar
379 3721 487 3785 invicti
509 3739 579 3783 rem
600 3721 749 3785 muneris.

155 3828 311 3911 Principis
334 3827 474 3910 exempli
496 3827 698 3912 formamque
719 3827 917 3913 modumque
938 3835 1069 3894 secuta

201 3935 356 4000 Inducam
378 3943 501 4000 temere
523 3953 662 4000 vacuum
684 3933 771 3999 nihil.
1236 3937 1282 4004 30

156 4021 252 4108 Me‘ns
273 4041 416 4134 humana
436 4040 515 4105 mihi
537 4049 658 4106 tractus
680 4039 829 4106 ducenda
849 4062 910 4126 per
930 4061 1044 4106 omnes

199 4148 394 4226 Aethereos,
416 4157 452 4214 ut
474 4149 515 4213 sit
536 4148 726 4232 prudentior

155 4256 329 4322 Parcarmn
350 4255 440 4339 leges
463 4263 497 4320 et
518 4248 725 4320 ineluctabile
746 4253 846 4321 fatum

199 4364 427 4449 Fortunaeque
449 4363 537 4428 vices
558 4363 729 4430 variabilis.
