3020 4986
163 863 203 928 X.
232 827 400 947 Pignora
423 851 499 930 cara
522 865 613 942 deae,
637 885 717 948 quas
740 871 816 927 ante
839 869 950 927 creata
972 866 1080 928 creavi

206 968 351 1050 Saecula,
373 972 415 1035 de
436 981 531 1054 partu
554 970 676 1055 glorior
698 971 769 1053 ipsa
791 990 875 1040 meo,

163 1075 295 1142 Summa
316 1078 489 1142 voluntatis
504 1061 594 1142 'llaec
617 1086 682 1141 est:
705 1076 837 1140 venistis
860 1075 902 1140 ad
925 1076 1001 1139 istas

204 1181 333 1248 Consilii
355 1194 465 1268 partes
487 1184 711 1268 propositique
733 1184 805 1246 mei.

160 1293 196 1355 In
218 1291 315 1354 rebus
336 1291 511 1375 formisque
533 1292 597 1355 suis
620 1292 646 1353 si
669 1290 768 1354 deluit
791 1289 871 1367 orbi,
918 1357 927 1378 ,1

204 1395 362 1480 Suppleat
385 1398 417 1460 id
440 1407 551 1461 nostro
575 1397 705 1461 numine
727 1405 836 1461 vestra
858 1416 981 1460 manus.

161 1504 256 1568 Plena
278 1506 390 1582 minus
413 1505 558 1587 perfecta
580 1505 692 1581 minus,
714 1505 819 1567 minus
842 1523 913 1566 esse
936 1502 1056 1566 decora

204 1609 298 1692 Quae
320 1610 380 1674 ieci
402 1612 529 1688 totiens,
553 1620 603 1674 est
626 1610 703 1674 mihi
726 1620 821 1692 turpe
844 1610 946 1673 nimis.

162 1716 289 1783 Sensilis
311 1717 365 1780 hic
387 1718 533 1796 mundus,
556 1717 666 1781 mundi
690 1717 830 1780 melioris
852 1717 972 1800 imag0,

202 1825 249 1891 Ut
270 1825 384 1908 plenus
406 1825 507 1908 plenis
530 1825 677 1907 partibus
700 1845 771 1888 esse
794 1832 901 1908 queat,

161 1931 293 2014 Effigies
316 1940 458 2013 cognata
481 1932 549 1994 deis
571 1940 605 1995 et
627 1939 741 1995 sancta
762 1951 909 1994 meorum

203 2039 247 2101 Et
269 2038 346 2102 selix
369 2059 505 2121 operum
529 2038 669 2102 clausula
691 2037 748 2101 fiet
771 2037 881 2101 homo,

162 2142 271 2227 Qualis
295 2145 336 2208 ab
361 2154 494 2208 aeterno
518 2144 577 2208 sub
601 2145 723 2208 mundo
746 2145 891 2227 principe
915 2144 1001 2221 vivit,

203 2253 313 2334 Digna
334 2271 394 2315 nec
417 2252 546 2315 inferior
569 2252 684 2316 mentis
707 2251 779 2315 idea
802 2271 903 2314 meae.
1001 2310 1015 2320 ,

161 2359 303 2422 Mentem
326 2357 367 2421 de
390 2358 489 2435 caelo,
513 2379 630 2443 corpus
654 2358 762 2423 trahet
785 2379 829 2421 ex
851 2357 1025 2433 elementis,

200 2466 247 2532 Ut
268 2474 371 2529 terras
394 2463 520 2529 habitet
543 2486 690 2551 corpore,
713 2474 822 2529 mente
845 2464 964 2548 polum.

159 2571 258 2649 Mens,
282 2592 399 2654 corpus
422 2572 549 2636 diversa
570 2572 644 2636 licet
667 2573 838 2656 iungentur
860 2571 901 2634 ad
924 2590 1031 2648 unum,

200 2680 246 2744 Ut
268 2699 361 2743 sacra
385 2679 601 2762 conplacitum
624 2681 722 2743 nexio
746 2678 862 2743 reddat
884 2698 975 2760 opus.

159 2785 256 2850 Divus
279 2787 348 2863 erit,
371 2795 517 2850 terrenus
540 2787 608 2863 erit,
633 2786 758 2850 curabit
780 2793 951 2871 utrumque

201 2891 345 2956 Consiliis
368 2893 531 2969 mundum,
555 2879 709 2975 religione
732 2892 821 2956 deos,

158 2999 284 3064 Naturis
307 3001 427 3082 poterit
449 3000 495 3062 sic
517 2999 716 3082 respondere
738 2998 872 3076 duabus

198 3107 242 3170 Et
264 3107 310 3169 sic
330 3107 496 3189 ¹principiis
519 3126 681 3189 congruus
704 3126 775 3169 esse
797 3106 869 3168 suis

158 3213 201 3278 Ut
222 3213 331 3277 divina
353 3212 447 3290 colat,
470 3213 591 3295 pariter
614 3221 742 3276 terrena
765 3219 923 3294 capessat,

199 3321 242 3384 Et
263 3321 413 3403 geminae
437 3339 547 3384 curam
569 3318 744 3382 sedulitatis
767 3327 853 3401 agat,

159 3423 236 3490 Cum
258 3427 383 3511 superis
406 3447 577 3490 commune
600 3426 723 3490 bonum
746 3427 878 3489 rationis
900 3424 1051 3489 habebit:

199 3531 367 3598 Distrahet
389 3554 408 3596 a
431 3534 555 3615 superis
576 3532 661 3596 linea
682 3554 784 3615 parva
806 3532 980 3596 hominem.
1113 3529 1116 3536 ’

153 3641 253 3704 ‘Bruta
274 3648 425 3722 patenter
448 3638 571 3704 habent
593 3640 704 3704 tardos
727 3639 875 3704 animalia
896 3661 1016 3716 sensus,

198 3745 328 3812 Cernua
349 3746 481 3809 deiectis
503 3745 642 3810 vultibus
665 3741 723 3809 ora
745 3746 858 3810 serunt.

158 3851 220 3918 Sed
243 3853 445 3916 maiestatem
468 3854 594 3917 mentis¹
607 3861 748 3917 testante
771 3852 876 3935 figura

196 3960 305 4025 Tollet
327 3959 427 4022 homo
450 3968 597 4024 sanctum
619 3959 705 4023 solus
728 3960 770 4022 ad
792 3967 880 4023 astra
902 3968 1007 4043 caput,

158 4070 202 4135 Ut
224 4065 303 4131 caeli
325 4065 416 4149 leges
438 4065 684 4150 indeflexosque
706 4075 832 4130 meatus

198 4171 377 4255 Exemplar
398 4174 484 4237 vitae
506 4174 609 4256 possit
631 4172 754 4236 habere
777 4192 863 4237 suae.

158 4282 209 4346 Dii
230 4279 337 4364 superi
359 4280 534 4363 stellaeque
556 4279 616 4343 sibi
639 4278 827 4366 caelumque
848 4279 1005 4365 loquetur,

200 4384 372 4452 Consilium
394 4385 532 4449 Lachesi
555 4385 743 4451 notificante
765 4407 866 4451 suum.
