3020 4986
358 389 402 469 48

298 563 333 631 ι5
360 565 489 644 aether,
521 587 593 644 aer,
624 565 730 644 telluS,
763 575 920 652 quaterna
951 566 1082 652 quidem
1113 567 1204 650 regio
1233 566 1419 631 universam

358 675 468 740 mundi
491 675 719 739 continentiam
746 672 1006 738 circumcludunt.
1051 672 1184 738 Caelum
1206 673 1344 757 simplex
1369 681 1421 737 est

359 805 424 849 una
445 784 624 866 eademque
639 782 818 867 quantitate
841 784 1026 848 continuum
1048 804 1110 847 nec
1128 781 1333 867 qualitatibus
1357 781 1421 844 dis·

358 899 516 975 paratum.
560 891 675 954 Binam
704 888 851 967 aetheris,
879 890 991 954 binam
1019 890 1097 954 item
1127 889 1208 954 aeris
1235 890 1421 974 trinamque

358 998 476 1061 telluris
498 997 704 1080 partitionem
727 997 929 1080 cognoveris.
975 995 1076 1062 Suum
1105 1017 1231 1074 numen,
1260 1017 1336 1060 suos
1360 995 1419 1060 ha·
1496 1077 1497 1082 ἵ

294 1117 337 1165 20
358 1105 439 1169 bent
453 1103 596 1187 angelos,
625 1112 658 1168 et
679 1104 898 1187 principaliter
919 1103 1034 1187 singuli
1056 1112 1090 1168 et
1112 1103 1286 1169 subdivisio
1308 1104 1419 1186 singu·

355 1212 467 1277 lorum.
511 1210 647 1278 Caelum
675 1212 785 1295 ipsum
814 1214 887 1278 Deo
914 1213 1049 1295 plenum
1080 1223 1136 1275 est.
1181 1211 1298 1295 Neque
1330 1211 1419 1274 enim

357 1318 508 1384 credibile
525 1327 582 1396 est,
598 1318 686 1403 quod
702 1319 927 1382 deiectioribus
942 1319 1115 1396 elementis,
1130 1326 1236 1382 terrae
1257 1317 1418 1394 sordidae,

356 1429 421 1492 atri
444 1425 628 1490 turbulento
651 1434 764 1489 sancta
786 1435 819 1490 et
841 1425 1109 1490 incommutabilis
1124 1425 1271 1489 divinitas
1286 1443 1418 1488 suarum

356 1534 495 1599 affixerit
526 1533 649 1596 sedium
679 1533 890 1597 mansionem.
945 1533 1128 1597 Posteriora
1161 1542 1195 1596 et
1224 1532 1350 1595 minora
1382 1552 1418 1594 se

291 1633 330 1703 25
356 1642 464 1705 omnia
486 1639 622 1704 deloco
646 1639 837 1703 celsitudinis
860 1641 948 1704 Deus
971 1641 1145 1723 dispositor
1165 1640 1313 1704 intuetur.
1360 1639 1417 1702 Di·

354 1748 449 1812 vinae
470 1747 544 1812 licet
565 1748 732 1812 maiestate
755 1746 897 1830 caliginis
920 1747 1139 1811 abscondatur
1160 1747 1351 1830 incognitus,
1375 1745 1417 1808 de

354 1875 484 1919 suorum
506 1855 647 1937 vestigiis
663 1874 799 1937 operum
813 1855 999 1937 perspicuus
1016 1855 1195 1918 innotescit.
1222 1854 1298 1916 Eius
1313 1873 1417 1936 opera

356 1961 471 2046 angeli,
495 1983 577 2046 quos
606 1960 763 2028 hactenus
793 1962 961 2040 ordinavit,
988 1970 1024 2026 ut
1045 1962 1137 2026 iuxta
1159 1963 1316 2025 rationem
1339 1981 1416 2024 con-

355 2070 433 2133 tinui
457 2069 661 2152 conpetentis
684 2068 851 2152 copularet
874 2068 915 2132 ad
945 2069 1082 2133 invicem
1108 2069 1230 2152 primos
1253 2087 1326 2130 curn
1347 2087 1415 2130 me·

290 2171 334 2237 30
355 2177 422 2253 diis,
453 2176 666 2240 medioximos
696 2195 770 2240 cum
799 2176 961 2240 extremis.
983 2215 1027 2224 —
1057 2175 1123 2240 Sua
1145 2176 1235 2240 caelo
1258 2175 1416 2250 animalia,

354 2284 446 2366 ignes
478 2283 602 2348 siderei.
657 2283 758 2347 Huius
790 2283 918 2366 generis
951 2282 1066 2346 animal
1096 2282 1252 2347 rationale
1283 2281 1415 2366 quidem

354 2410 416 2453 nec
446 2398 551 2453 morte
580 2389 760 2454 dissolvitur
790 2409 851 2454 nec
881 2389 1019 2454 afficitur
1046 2391 1203 2473 passione.
1247 2389 1415 2452 Extimum

354 2497 471 2562 telluris
494 2496 629 2580 globum
651 2498 780 2580 sapiens
803 2517 906 2580 genus
929 2496 1038 2575 homo,
1062 2517 1159 2581 quem
1180 2497 1344 2580 pergimus
1368 2495 1414 2559 sa·

353 2603 521 2681 bricatum,
541 2604 640 2686 digno
663 2603 845 2687 possederit
866 2602 1016 2669 incolatu.
1047 2604 1148 2667 Porro
1171 2602 1281 2666 sedem
1304 2604 1415 2668 mundi

290 2703 329 2771 35
355 2710 496 2774 mediam
518 2731 620 2794 genus
643 2711 757 2775 insistit
779 2711 907 2774 tertium
922 2711 963 2774 de
982 2720 1202 2776 extremorum
1216 2710 1415 2794 proprietate

354 2816 405 2881 vel
427 2817 674 2900 participatione
698 2817 889 2882 conlectum.
935 2818 1110 2911 Partieipat
1139 2819 1224 2882 enirn
1247 2816 1414 2899 angelicae

355 2925 525 2988 creationis
556 2944 706 2988 numerus
739 2944 811 2988 curn
843 2924 982 2989 siderum
1014 2925 1196 3001 divinitate,
1228 2924 1316 3009 quod
1348 2943 1414 2988 non

353 3032 497 3095 moritur.
519 3031 692 3114 participat
715 3051 787 3094 cum
810 3030 951 3108 homine,
974 3031 1063 3114 quod
1085 3031 1270 3114 passionum
1292 3030 1414 3094 affecti·

353 3138 413 3202 bus
443 3138 600 3202 incitatur.
633 3176 676 3187 —
708 3139 744 3201 In
773 3138 948 3201 sublimiori
977 3139 1073 3220 igitur
1103 3137 1239 3220 fastigio,
1269 3138 1295 3201 si
1325 3135 1413 3221 quod

287 3255 333 3320 40
355 3244 444 3309 caelo
467 3244 636 3322 sublimius,
667 3242 910 3309 tabernaculum
934 3244 967 3308 T
963 3258 1088 3327 ugatou
1116 3257 1271 3328 suprema
1293 3244 1414 3310 dubrici-

353 3365 407 3416 tas
438 3350 604 3415 colocavit.
658 3351 763 3430 Quem
794 3352 1040 3415 circumsistunt
1067 3352 1242 3434 abeuntque
1272 3351 1413 3416 vr'ciru'us

353 3458 493 3541 agmina
515 3458 645 3540 ignitae
660 3456 935 3546 flammantisque
951 3469 1091 3522 naturae
1105 3458 1291 3541 perlucida,
1310 3470 1414 3541 expyr

352 3565 472 3648 specus
494 3577 527 3628 et
546 3577 658 3646 creatu
676 3567 809 3648 pariter
830 3576 864 3628 et
882 3578 1008 3630 vocata.
1054 3567 1109 3630 Ea
1135 3577 1271 3648 propter
1295 3565 1413 3651 infati-

348 3671 498 3754 gabilem
527 3683 560 3734 et
581 3684 778 3756 perpetuum
806 3674 855 3737 ad
872 3674 983 3736 'Deum
1005 3674 1245 3738 couversrbuem
1266 3674 1412 3738 membru

286 3773 327 3856 45
351 3778 410 3843 vel
435 3778 626 3842 dibiurtatis
656 3791 773 3862 partes
803 3780 907 3862 specie
925 3780 1173 3861 ,similitudinis
1208 3781 1410 3845 aestimatur.

352 3885 427 3949 Non
450 3885 537 3949 euim
559 3905 676 3949 verum
705 3897 754 3950 est
772 3887 944 3969 quippiam
972 3887 1008 3951 iu
1030 3887 1209 3951 divinitate
1229 3887 1409 3954 driu'duum.

352 3991 412 4056 Illi
430 4012 510 4074 ergo
532 4013 575 4056 er
594 3993 813 4075 proximitate
827 3995 899 4059 Deo
921 4005 1152 4059 convertuntur
1165 3993 1297 4077 plurim
1319 3993 1411 4058 etde

353 4112 459 4163 mente
480 4100 550 4164 eius
572 4101 740 4183 excipiunt
756 4102 956 4185 futurorum
981 4124 1115 4182 arcana,
1141 4103 1281 4186 quaein
1295 4103 1410 4185 satum

353 4206 472 4270 muudi
485 4207 653 4289 publicum
670 4219 732 4290 per
744 4208 919 4293 inferiores
933 4210 1052 4274 muudi
1067 4212 1188 4294 specus
1209 4207 1414 4294 meffugibili

289 4309 332 4382 50
353 4311 556 4388 necessitate·
572 4315 769 4381 constituunt
792 4328 1005 4400 proventura.
1052 4317 1121 4398 Qui
1147 4317 1226 4401 quia
1258 4331 1408 4384 aeternae
