3020 4986
296 375 339 444 50

293 555 520 638 circumplexa.
567 557 621 619 Ex
650 557 790 620 aetheris
818 576 958 639 namque
982 558 1155 620 serenitate
1178 564 1211 619 et
1232 555 1354 638 liquore

293 663 375 725 aeris
397 663 578 726 defecatam
610 663 721 745 opifex
750 663 923 745 puritatem
953 663 1092 745 excepit,
1124 661 1210 725 unde
1232 661 1355 724 divinas

292 768 492 832 extrinsecus
522 769 645 832 animas
676 768 817 831 materiis
848 776 883 831 ut
916 769 961 831 ita
992 768 1129 831 dixerim
1160 767 1355 850 simplicibus

226 896 271 966 90
292 871 435 956 illigavit.
480 873 562 939 Cum
592 895 730 958 corpore
752 875 849 958 igitur
870 874 959 938 velut
980 875 1191 956 incorporeos
1214 872 1355 936 subtilio-

291 999 343 1042 res
374 979 489 1057 inseris,
519 981 577 1044 sed
606 981 729 1063 superis
758 981 940 1064 grossiores
969 979 1118 1044 inbecilla
1146 999 1213 1042 non
1241 978 1356 1042 sufficit

291 1084 475 1150 humanitas
497 1087 622 1151 intueri.
639 1123 683 1135 -
705 1087 759 1150 Ex
782 1087 890 1150 medio
912 1107 1013 1169 porro
1036 1087 1119 1149 aeris
1140 1085 1270 1149 inferius
1292 1094 1356 1148 tur·

291 1191 413 1256 bulenti
441 1193 600 1276 spiritales
629 1194 791 1278 nequitiae
822 1195 1074 1257 circumcursant
1102 1177 1280 1276 inperiique
1307 1213 1355 1254 sa·

291 1298 406 1364 tellites
428 1301 572 1365 durioris.
620 1299 752 1384 Quippe
779 1310 909 1364 terrena
937 1321 1004 1382 non
1026 1299 1110 1363 affici
1132 1321 1199 1362 non
1221 1306 1356 1381 possunt

206 1431 269 1482 100
289 1405 402 1485 illuvie,
428 1409 490 1491 ‚qui
521 1408 644 1471 vicinos
676 1417 783 1472 terrae
811 1407 927 1472 limites
953 1408 1177 1471 intercurrunt.
1223 1405 1356 1470 Sununa

290 1514 352 1578 Dei
375 1513 540 1598 diligentia
561 1516 666 1578 minus
689 1515 909 1599 deiectiusque
933 1516 1064 1598 purgati
1086 1514 1128 1577 ab
1152 1514 1286 1597 antiqua
1307 1512 1355 1576 sil·

290 1641 353 1685 vae
374 1621 495 1684 malitia
518 1622 745 1705 angustissima
759 1622 916 1705 brevique
931 1621 1016 1685 linea
1030 1630 1239 1685 recesserunt.
1272 1617 1356 1701 Quia

290 1727 387 1810 igitur
408 1728 441 1790 in
463 1727 662 1812 malignitate
678 1737 711 1792 et
734 1729 874 1792 nocendi
891 1728 997 1792 studio
1012 1736 1232 1810 perseverant,
1247 1727 1355 1790 divino
1419 1763 1422 1770 ·

290 1833 480 1918 plerumque
502 1836 618 1899 iudicio
641 1843 838 1918 potestatem
861 1836 1032 1918 accipiunt,
1062 1844 1097 1899 ut
1119 1834 1289 1898 tormentis
1312 1832 1354 1896 al·

207 1947 264 2016 105
290 1939 401 2005 ficiant
429 1941 605 2006 sceleribus
634 1943 827 2027 inquinatos
871 1941 1063 2026 Plerumque
1085 1962 1132 2021 ¹ex
1154 1941 1288 2005 arbitrio
1311 1940 1354 2004 ul·

291 2055 422 2112 troneas
444 2050 582 2114 inferunt
604 2049 772 2114 laesiones.
811 2048 919 2132 Saepe
937 2071 997 2132 per
1012 2050 1257 2132 suggestionem
1279 2049 1355 2112 taci-

291 2156 331 2220 tis
352 2156 515 2220 mentibus
537 2157 589 2221 vel
619 2158 871 2241 cogitationibus
893 2156 1065 2222 invisibiles
1087 2156 1268 2230 illabuntur.
1306 2176 1354 2219 as·

290 2272 421 2346 sumpto
443 2285 543 2348 saepe
566 2284 705 2347 corpore
726 2265 847 2328 formas
862 2265 1058 2329 umbraticas
1080 2264 1262 2328 induuntur.
1290 2263 1355 2326 Pri·

290 2389 362 2433 mos
390 2370 488 2453 igitur
516 2372 684 2454 spirituum
712 2371 886 2454 praesules
917 2372 1133 2436 medioximos
1155 2371 1354 2452 interpretes,

206 2502 268 2553 110
290 2486 456 2542 extremos
486 2478 622 2563 angelos
653 2480 791 2543 dixerim
823 2479 1016 2543 desertores.
1048 2515 1090 2527 -
1121 2477 1270 2542 Telluros
1301 2478 1355 2561 qui

289 2593 410 2652 terram
432 2585 575 2651 incolunt
596 2588 643 2652 sic
666 2587 798 2652 habeto.
828 2587 895 2653 Ubi
918 2596 1005 2652 terra
1027 2585 1247 2651 delectabilior
1269 2603 1354 2648 nunc

289 2691 433 2758 herboso
456 2696 623 2759 cacumine
645 2695 787 2781 iugoque
802 2697 960 2760 montium
974 2695 1136 2778 picturato
1151 2712 1238 2758 nunc
1253 2691 1354 2756 fluviis

289 2799 451 2866 hilarescit
481 2822 568 2867 nunc
598 2803 750 2868 silvarum
780 2805 917 2869 viridate
949 2805 1099 2881 vestitur,
1131 2803 1193 2867 illic
1226 2801 1353 2878 Silvani,

288 2911 393 2976 Panes
421 2920 455 2977 et
482 2913 580 2977 Nerei
609 2916 749 2978 innocua
779 2914 1026 2979 conversatione
1055 2913 1171 2978 aetatis
1201 2910 1355 2976 evolvunt

204 3021 263 3090 115
288 3026 438 3107 tempora
459 3022 623 3106 longioris.
652 3023 843 3088 Elementali
866 3024 1008 3108 quadam
1029 3023 1171 3106 puritate
1195 3019 1354 3102 conpositi

288 3151 362 3195 sero
385 3140 496 3196 tamen
518 3133 642 3199 obeunt
664 3134 696 3197 in
719 3142 868 3216 tempore
881 3123 1095 3196 dissolvendi.
1134 3129 1169 3194 A
1191 3128 1354 3212 principiis

288 3239 386 3323 igitur
415 3242 497 3306 aeris
524 3243 669 3329 adusque
691 3252 798 3309 terrae
820 3244 1025 3329 superficiem
1047 3247 1240 3328 contingens
1261 3264 1354 3326 prae·

288 3347 400 3431 cipuus
422 3358 472 3413 est
487 3349 632 3434 Oyarses
646 3352 811 3418 Plutonius
833 3353 970 3418 dixerim
992 3355 1045 3419 vel
1060 3353 1264 3432 Summanus,
1280 3355 1354 3438 quia

287 3475 430 3521 summus
452 3459 595 3523 manium
610 3481 630 3524 a
645 3459 747 3524 lunari
769 3462 833 3524 iam
856 3461 975 3526 circulo
998 3463 1111 3546 inperii
1133 3463 1292 3546 regnique
1307 3460 1354 3525 sui

204 3579 267 3629 120
287 3560 470 3629 latitudines
492 3567 645 3631 ordiatur.
690 3569 791 3633 Porro
820 3591 948 3648 numen,
972 3571 1060 3634 cuius
1082 3579 1229 3653 potestas
1250 3579 1301 3634 est
1322 3570 1353 3632 in

287 3676 371 3749 a'e're,
393 3673 569 3737 maiestatis
592 3675 784 3739 auctoritate
803 3677 890 3759 apud
913 3679 1144 3742 conscientiam
1166 3687 1256 3742 tuam
1277 3677 1353 3742 nolo

285 3778 418 3845 sordeat
439 3789 495 3844 aut
517 3781 659 3846 vilescat.
697 3782 769 3846 Aer
791 3805 932 3870 namque
955 3786 1096 3869 spirandi
1120 3795 1169 3851 est
1191 3807 1351 3869 organum

286 3894 320 3949 et
347 3886 416 3951 sine
446 3888 529 3951 aeris
558 3888 719 3954 beneficio
749 3911 856 3955 rerum
887 3892 1089 3958 incolumitas
1111 3914 1179 3958 non
1201 3894 1352 3958 subsistit.

285 3991 378 4056 Haec
406 4002 456 4059 est
485 4016 565 4079 ergo
598 3997 702 4074 turba,
732 3998 956 4064 circumfusam
985 4021 1083 4085 quam
1112 4002 1237 4085 aspicis,
1267 4023 1351 4087 quae

202 4095 260 4164 125
284 4119 382 4181 super
412 4101 588 4187 subterque
617 4103 726 4168 lunam
757 4107 931 4170 stationem
960 4128 1053 4172 suam
1079 4129 1146 4172 non
1169 4109 1289 4174 deserit
1320 4118 1354 4173 et

285 4204 430 4291 deputati
452 4211 655 4293 propositum
680 4214 789 4296 operis
811 4234 877 4278 non
900 4215 1074 4299 abrumpit.
