3020 4986
291 470 334 539 56

224 647 263 716 35
289 651 416 716 Viderit
438 651 470 714 in
491 650 596 714 lucem
619 673 741 717 mersas
764 653 901 736 caligine
924 674 1045 732 causas,

333 759 381 824 Ut
403 767 518 823 natura
539 758 617 822 nihil
640 760 817 824 occuluisse
841 771 948 846 queat.

289 866 408 930 Aerios
430 874 560 944 tractus,
582 867 758 931 tenebrosa
780 867 904 933 silentia
926 869 1018 945 Ditis,

333 971 414 1036 Alta
436 972 510 1056 poli,
532 982 638 1038 terrae
659 974 733 1052 lata,
757 974 917 1058 profunda
940 975 1036 1040 maris

288 1079 429 1145 Viderit:
451 1080 537 1145 unde
559 1081 646 1144 vices
668 1101 784 1158 rerum,
808 1102 864 1146 cur
886 1092 1012 1147 aestuat
1033 1091 1147 1161 aestas,
1185 1143 1189 1150 ,
1262 1083 1264 1086 ⁴

222 1202 268 1266 40
334 1185 467 1252 Siccitat
488 1197 666 1266 autumnus,
689 1210 747 1253 ver
768 1198 868 1272 tepet,
892 1189 980 1272 alget
1003 1190 1114 1255 hiems.

214 1314 216 1319 ’
289 1294 424 1372 Viderit,
446 1295 532 1358 unde
554 1317 646 1359 suum
668 1296 804 1360 Phoebo
827 1297 927 1375 iubar,
950 1298 1037 1361 unde
1059 1298 1170 1374 sorori,

333 1401 430 1467 Unde
452 1403 560 1465 tremit
582 1403 682 1481 tellus,
705 1404 791 1467 unde
813 1405 938 1468 marina
960 1413 1094 1468 tument.
1139 1484 1142 1493 1
1262 1488 1265 1493 ,

289 1505 356 1572 Cur
376 1508 483 1592 longis
506 1509 628 1573 aestiva
651 1509 719 1573 dies
741 1511 927 1575 extenditur
950 1510 1045 1588 horis,

333 1616 501 1700 Parvaque
524 1615 724 1680 contrahitur
745 1639 813 1681 nox
835 1618 985 1682 breviore
1007 1639 1108 1682 mora.

223 1716 263 1802 45
289 1723 336 1788 Ut
358 1743 416 1786 sua
438 1724 501 1787 sint
523 1721 691 1801 elementa,
715 1725 789 1787 volo
813 1725 873 1788 sibi
896 1725 1020 1789 ferveat
1042 1726 1134 1809 ignis,

335 1827 393 1893 Sol
414 1830 523 1907 niteat,
545 1830 637 1893 tellus
660 1831 828 1912 germinet,
852 1832 939 1896 unda
962 1831 1049 1897 fluat.

333 2045 377 2107 Et
399 2044 459 2107 sibi
482 2065 576 2108 mons
597 2044 739 2127 pecudes
761 2054 795 2109 et
817 2046 878 2110 sibi
900 2045 980 2109 silva
1002 2046 1095 2109 seras.

291 2149 410 2216 Omnia
431 2150 576 2228 subiciat,
598 2159 700 2215 terras
723 2161 825 2235 regat,
849 2153 974 2235 inperet
997 2152 1085 2216 orbi:

110 2301 113 2306 >
225 2251 268 2320 50
332 2259 506 2322 Primatem
529 2258 902 2342 rebuspontificemque
925 2259 1009 2323 dedi.

290 2363 357 2430 Sed
380 2385 453 2456 cum
476 2366 595 2429 nutarit
618 2366 757 2429 numeris
781 2367 812 2430 in
836 2366 900 2429 fine
923 2366 1034 2430 solutis

333 2472 487 2537 Machina
510 2493 689 2556 corporeae
713 2473 925 2539 collabefacta
947 2474 1072 2550 domus,

288 2579 438 2644 Aethera
461 2580 596 2644 scandet
618 2579 728 2658 homo,
752 2581 816 2645 iam
838 2603 905 2645 non
928 2581 1112 2664 incognitus
1134 2579 1256 2664 hospes

332 2688 546 2752 Praeveniens
568 2686 679 2752 stellae
701 2689 795 2771 signa
816 2688 989 2775 locumque
1011 2708 1098 2752 suae.

377 3007 433 3071 XI.
461 2971 582 3075 Trina
604 3010 700 3094 igitur
721 3010 823 3074 tribus
845 3009 1001 3074 incumbit
1016 3029 1118 3093 opera
1141 3009 1256 3095 cuique
1278 3031 1352 3076 sua:

290 3117 471 3202 conpositio
496 3118 621 3182 animae
638 3139 682 3182 ex
697 3117 887 3183 endelechia
902 3127 936 3182 et
950 3119 1105 3182 virtutum
1121 3116 1352 3198 aedificatione,

290 3225 435 3309 corporis
464 3246 507 3289 ex
537 3225 690 3289 materiae
719 3225 977 3309 praeparatione.
1029 3225 1251 3309 Utrorumque
1284 3245 1353 3290 cor·

289 3334 377 3417 poris
399 3342 433 3398 et
463 3333 588 3398 animae
617 3333 788 3397 sonnativa
812 3334 977 3397 concretio
1001 3332 1043 3397 de
1066 3331 1212 3396 caelestis
1234 3333 1354 3397 ordinis

248 3429 264 3498 5
290 3440 513 3505 aemulatione.
555 3441 646 3504 Prior
668 3441 764 3524 igitur
786 3440 829 3505 ad
851 3441 1017 3517 Uraniam,
1040 3439 1183 3504 secunda
1205 3439 1247 3503 ad
1269 3439 1354 3524 Phy-

290 3549 347 3626 sin,
369 3547 465 3612 tertia
487 3546 530 3610 ad
552 3556 593 3625 te,
617 3569 637 3610 0
659 3548 792 3625 Natura,
816 3547 991 3612 dinoscitur
1013 3548 1184 3629 pertinere.
1216 3547 1353 3610 Verum·

289 3665 399 3735 tamen
421 3654 577 3720 indultum
599 3654 693 3718 vobis
715 3654 894 3737 plurimum,
916 3663 1026 3719 vestro
1042 3654 1213 3737 plurimum
1228 3651 1353 3718 detrac-

290 3773 358 3828 tum
389 3772 438 3828 est
467 3764 568 3846 operi.
613 3764 650 3826 In
679 3770 788 3826 vestra
814 3782 912 3826 manu
934 3761 985 3826 ¹est
1007 3781 1133 3825 sumere
1157 3781 1229 3824 cum
1252 3759 1355 3824 velitis

289 3871 450 3936 humanae
471 3877 650 3935 sementem
680 3870 805 3933 animae
836 3891 880 3933 ex
902 3868 1091 3933 endelechia
1113 3869 1177 3932 iarn
1201 3875 1353 3932 creatam.

228 3994 269 4044 10
290 3998 407 4062 corpus
429 4000 473 4043 ex
495 3977 660 4042 elementis
682 3997 789 4042 massa
811 3975 1004 4041 confusionis
1027 3977 1183 4059 exceptis.
1221 3974 1259 4039 In
1276 3996 1354 4060 quo·

290 4107 362 4151 rum
384 4085 582 4169 expolitione
606 4069 808 4169 quid'studii,
836 4083 913 4168 quid
935 4083 1128 4166 diligentiae,
1160 4081 1237 4166 quid
1259 4091 1352 4165 puta·

290 4195 330 4259 tis
351 4193 472 4258 laboris
495 4191 642 4274 inpendi?
688 4190 797 4255 Grave
820 4177 950 4276 quidem
983 4200 1017 4255 et
1039 4190 1154 4284 subtile
1178 4198 1211 4254 et
1233 4187 1354 4252 difficil-

289 4301 375 4364 limis
397 4300 571 4382 inplicitum
600 4298 785 4376 rationibus,
815 4297 902 4382 quod
934 4298 1074 4380 iniungo.
1121 4296 1354 4360 Verumtamen

289 4409 315 4472 si
345 4427 426 4491 prae
454 4427 561 4470 rerum
587 4405 770 4482 multidune,
800 4405 992 4469 auctoritate
1023 4413 1057 4468 et
1078 4402 1225 4486 pondere
1245 4409 1354 4468 vestra

288 1937 393 2000 Terra
415 1937 475 2000 sibi
497 1937 614 2020 fruges,
637 1938 742 2020 pisces
765 1938 825 2002 sibi
848 1941 967 2003 nutriat
989 1938 1084 2016 unda,

1490 4089 1491 4128 r

1490 4613 1491 4640 r

1490 4651 1491 4692 l
