<?xml version="1.0" encoding="UTF-8"?>
<!DOCTYPE html PUBLIC "-//W3C//DTD XHTML 1.0 Transitional//EN"
    "http://www.w3.org/TR/xhtml1/DTD/xhtml1-transitional.dtd">
<html xmlns="http://www.w3.org/1999/xhtml" xml:lang="en" lang="en">
 <head>
  <title>
</title>
<meta http-equiv="Content-Type" content="text/html;charset=utf-8" />
  <meta name='ocr-system' content='tesseract 3.04.00' />
  <meta name='ocr-capabilities' content='ocr_page ocr_carea ocr_par ocr_line ocrx_word'/>
</head>
<body>
  <div class='ocr_page' id='page_1' title='image "bernardisilvest00silvgoog_0042.png"; bbox 0 0 3020 4986; ppageno 0'>
   <div class='ocr_carea' id='block_1_1' title="bbox 1157 418 1198 502">
    <p class='ocr_par' dir='ltr' id='par_1_1' title="bbox 1157 418 1198 502">
     <span class='ocr_line' id='line_1_1' title="bbox 1157 418 1198 502; baseline 0 -14"><span class='ocrx_word' id='word_1_1' title='bbox 1157 418 1198 502; x_wconf 88' lang='grc'><strong>45</strong></span> 
     </span>
    </p>
   </div>
   <div class='ocr_carea' id='block_1_2' title="bbox 135 593 1290 4112">
    <p class='ocr_par' dir='ltr' id='par_1_2' title="bbox 135 593 1290 4112">
     <span class='ocr_line' id='line_1_2' title="bbox 139 593 1201 678; baseline 0.002 -18"><span class='ocrx_word' id='word_1_2' title='bbox 139 595 245 661; x_wconf 92' lang='lat' dir='ltr'><strong>solem</strong></span> <span class='ocrx_word' id='word_1_3' title='bbox 268 604 441 678; x_wconf 87' lang='lat' dir='ltr'><strong>promovet</strong></span> <span class='ocrx_word' id='word_1_4' title='bbox 463 615 548 660; x_wconf 92' lang='lat' dir='ltr'><strong>nunc</strong></span> <span class='ocrx_word' id='word_1_5' title='bbox 570 596 700 660; x_wconf 86' lang='lat' dir='ltr'><strong>inferior</strong></span> <span class='ocrx_word' id='word_1_6' title='bbox 722 595 887 660; x_wconf 82' lang='lat' dir='ltr'><strong>delitescit</strong></span> <span class='ocrx_word' id='word_1_7' title='bbox 927 593 1113 662; x_wconf 91' lang='lat' dir='ltr'><strong>Communis</strong></span> <span class='ocrx_word' id='word_1_8' title='bbox 1136 617 1201 662; x_wconf 89' lang='lat' dir='ltr'><strong>am·</strong></span> 
     </span>
     <span class='ocr_line' id='line_1_3' title="bbox 139 700 1202 788; baseline 0.001 -21"><span class='ocrx_word' id='word_1_9' title='bbox 139 704 326 787; x_wconf 86' lang='lat' dir='ltr'><strong>biguusque</strong></span> <span class='ocrx_word' id='word_1_10' title='bbox 349 700 511 786; x_wconf 90' lang='lat' dir='ltr'><strong>Cyllenius</strong></span> <span class='ocrx_word' id='word_1_11' title='bbox 533 703 566 766; x_wconf 93' lang='lat' dir='ltr'><strong>in</strong></span> <span class='ocrx_word' id='word_1_12' title='bbox 589 703 686 766; x_wconf 87' lang='lat' dir='ltr'><strong>rebus</strong></span> <span class='ocrx_word' id='word_1_13' title='bbox 708 724 789 788; x_wconf 92' lang='lat' dir='ltr'><strong>quas</strong></span> <span class='ocrx_word' id='word_1_14' title='bbox 812 703 937 768; x_wconf 91' lang='lat' dir='ltr'><strong>siderea</strong></span> <span class='ocrx_word' id='word_1_15' title='bbox 959 703 1103 770; x_wconf 89' lang='lat' dir='ltr'><strong>claritate</strong></span> <span class='ocrx_word' id='word_1_16' title='bbox 1125 725 1202 769; x_wconf 90' lang='lat' dir='ltr'><strong>con·</strong></span> 
     </span>
     <span class='ocr_line' id='line_1_4' title="bbox 136 809 1287 889; baseline 0.003 -14"><span class='ocrx_word' id='word_1_17' title='bbox 136 812 240 876; x_wconf 90' lang='lat' dir='ltr'><strong>vertit</strong></span> <span class='ocrx_word' id='word_1_18' title='bbox 261 810 446 874; x_wconf 88' lang='lat' dir='ltr'><strong>venientem</strong></span> <span class='ocrx_word' id='word_1_19' title='bbox 467 811 510 874; x_wconf 89' lang='lat' dir='ltr'><strong>de</strong></span> <span class='ocrx_word' id='word_1_20' title='bbox 538 810 682 874; x_wconf 89' lang='lat' dir='ltr'><strong>moribus</strong></span> <span class='ocrx_word' id='word_1_21' title='bbox 710 809 863 874; x_wconf 89' lang='lat' dir='ltr'><strong>malitiam</strong></span> <span class='ocrx_word' id='word_1_22' title='bbox 886 830 952 875; x_wconf 93' lang='lat' dir='ltr'><strong>non</strong></span> <span class='ocrx_word' id='word_1_23' title='bbox 974 811 1123 889; x_wconf 81' lang='lat' dir='ltr'>ostendit,</span> <span class='ocrx_word' id='word_1_24' title='bbox 1144 811 1203 876; x_wconf 89' lang='lat' dir='ltr'><strong>sed</strong></span> <span class='ocrx_word' id='word_1_25' title='bbox 1229 809 1287 879; x_wconf 84' lang='lat'><strong>165</strong></span> 
     </span>
     <span class='ocr_line' id='line_1_5' title="bbox 138 915 1203 1002; baseline 0.002 -21"><span class='ocrx_word' id='word_1_26' title='bbox 138 917 262 982; x_wconf 90' lang='lat' dir='ltr'><strong>sodalis</strong></span> <span class='ocrx_word' id='word_1_27' title='bbox 284 937 358 980; x_wconf 91' lang='lat' dir='ltr'><strong>eum</strong></span> <span class='ocrx_word' id='word_1_28' title='bbox 380 918 519 982; x_wconf 90' lang='lat' dir='ltr'><strong>societas</strong></span> <span class='ocrx_word' id='word_1_29' title='bbox 541 917 594 981; x_wconf 91' lang='lat' dir='ltr'><strong>vel</strong></span> <span class='ocrx_word' id='word_1_30' title='bbox 616 916 766 982; x_wconf 89' lang='lat' dir='ltr'><strong>iustificat</strong></span> <span class='ocrx_word' id='word_1_31' title='bbox 787 915 839 981; x_wconf 92' lang='lat' dir='ltr'><strong>vel</strong></span> <span class='ocrx_word' id='word_1_32' title='bbox 868 919 1058 1002; x_wconf 87' lang='lat' dir='ltr'><strong>corrumpit:</strong></span> <span class='ocrx_word' id='word_1_33' title='bbox 1085 919 1203 983; x_wconf 84' lang='lat' dir='ltr'><strong>fervori</strong></span> 
     </span>
     <span class='ocr_line' id='line_1_6' title="bbox 137 1023 1203 1109; baseline 0.004 -23"><span class='ocrx_word' id='word_1_34' title='bbox 137 1023 263 1087; x_wconf 89' lang='lat' dir='ltr'><strong>Martio</strong></span> <span class='ocrx_word' id='word_1_35' title='bbox 292 1023 345 1086; x_wconf 93' lang='lat' dir='ltr'><strong>vel</strong></span> <span class='ocrx_word' id='word_1_36' title='bbox 372 1024 457 1087; x_wconf 93' lang='lat' dir='ltr'><strong>Iovis</strong></span> <span class='ocrx_word' id='word_1_37' title='bbox 492 1023 710 1107; x_wconf 85' lang='lat' dir='ltr'><strong>indulgentiae</strong></span> <span class='ocrx_word' id='word_1_38' title='bbox 740 1023 907 1108; x_wconf 91' lang='lat' dir='ltr'><strong>copulatus</strong></span> <span class='ocrx_word' id='word_1_39' title='bbox 935 1025 977 1088; x_wconf 97' lang='lat' dir='ltr'><strong>de</strong></span> <span class='ocrx_word' id='word_1_40' title='bbox 1004 1026 1203 1109; x_wconf 85' lang='lat' dir='ltr'><strong>proprietate</strong></span> 
     </span>
     <span class='ocr_line' id='line_1_7' title="bbox 138 1131 1203 1215; baseline 0.004 -22"><span class='ocrx_word' id='word_1_41' title='bbox 138 1131 308 1213; x_wconf 87' lang='lat' dir='ltr'><strong>participis</strong></span> <span class='ocrx_word' id='word_1_42' title='bbox 337 1151 427 1194; x_wconf 91' lang='lat' dir='ltr'><strong>suam</strong></span> <span class='ocrx_word' id='word_1_43' title='bbox 458 1132 624 1195; x_wconf 90' lang='lat' dir='ltr'><strong>constituit</strong></span> <span class='ocrx_word' id='word_1_44' title='bbox 653 1132 821 1195; x_wconf 89' lang='lat' dir='ltr'><strong>actionem.</strong></span> <span class='ocrx_word' id='word_1_45' title='bbox 865 1132 1067 1215; x_wconf 91' lang='lat' dir='ltr'><strong>Epicoenum</strong></span> <span class='ocrx_word' id='word_1_46' title='bbox 1092 1154 1203 1197; x_wconf 85' lang='lat' dir='ltr'><strong>sexus·</strong></span> 
     </span>
     <span class='ocr_line' id='line_1_8' title="bbox 141 1237 1202 1324; baseline 0.001 -22"><span class='ocrx_word' id='word_1_47' title='bbox 141 1257 209 1322; x_wconf 90' lang='lat' dir='ltr'><strong>que</strong></span> <span class='ocrx_word' id='word_1_48' title='bbox 237 1237 409 1319; x_wconf 91' lang='lat' dir='ltr'><strong>promiscui</strong></span> <span class='ocrx_word' id='word_1_49' title='bbox 439 1238 472 1301; x_wconf 92' lang='lat' dir='ltr'><strong>in</strong></span> <span class='ocrx_word' id='word_1_50' title='bbox 503 1239 665 1302; x_wconf 91' lang='lat' dir='ltr'><strong>communi</strong></span> <span class='ocrx_word' id='word_1_51' title='bbox 693 1239 853 1324; x_wconf 90' lang='lat' dir='ltr'><strong>signoque</strong></span> <span class='ocrx_word' id='word_1_52' title='bbox 881 1239 1055 1322; x_wconf 90' lang='lat' dir='ltr'><strong>bicorpore</strong></span> <span class='ocrx_word' id='word_1_53' title='bbox 1077 1239 1202 1304; x_wconf 87' lang='lat' dir='ltr'><strong>herma·</strong></span> 
     </span>
     <span class='ocr_line' id='line_1_9' title="bbox 140 1343 1269 1429; baseline 0.001 -21"><span class='ocrx_word' id='word_1_54' title='bbox 140 1343 314 1427; x_wconf 89' lang='lat' dir='ltr'><strong>phroditos</strong></span> <span class='ocrx_word' id='word_1_55' title='bbox 342 1344 449 1409; x_wconf 84' lang='lat' dir='ltr'><strong>lacere</strong></span> <span class='ocrx_word' id='word_1_56' title='bbox 480 1346 656 1411; x_wconf 87' lang='lat' dir='ltr'><strong>consuevit.</strong></span> <span class='ocrx_word' id='word_1_57' title='bbox 702 1346 787 1408; x_wconf 89' lang='lat' dir='ltr'><strong>Huic</strong></span> <span class='ocrx_word' id='word_1_58' title='bbox 808 1346 904 1428; x_wconf 82' lang='lat' dir='ltr'><strong>igitur</strong></span> <span class='ocrx_word' id='word_1_59' title='bbox 925 1347 988 1410; x_wconf 89' lang='lat' dir='ltr'><strong>deo</strong></span> <span class='ocrx_word' id='word_1_60' title='bbox 1010 1347 1103 1429; x_wconf 87' lang='lat' dir='ltr'><strong>virga</strong></span> <span class='ocrx_word' id='word_1_61' title='bbox 1123 1345 1269 1429; x_wconf 90' lang='lat' dir='ltr'><strong>levis170</strong></span> 
     </span>
     <span class='ocr_line' id='line_1_10' title="bbox 139 1452 1204 1539; baseline 0.003 -25"><span class='ocrx_word' id='word_1_62' title='bbox 139 1453 175 1516; x_wconf 91' lang='lat' dir='ltr'><strong>in</strong></span> <span class='ocrx_word' id='word_1_63' title='bbox 199 1452 355 1530; x_wconf 89' lang='lat' dir='ltr'><strong>manibus,</strong></span> <span class='ocrx_word' id='word_1_64' title='bbox 385 1473 445 1535; x_wconf 89' lang='lat' dir='ltr'><strong>pes</strong></span> <span class='ocrx_word' id='word_1_65' title='bbox 473 1453 575 1518; x_wconf 91' lang='lat' dir='ltr'><strong>alatus</strong></span> <span class='ocrx_word' id='word_1_66' title='bbox 598 1453 769 1536; x_wconf 85' lang='lat' dir='ltr'><strong>expeditus</strong></span> <span class='ocrx_word' id='word_1_67' title='bbox 791 1454 963 1517; x_wconf 90' lang='lat' dir='ltr'><strong>accinctus.</strong></span> <span class='ocrx_word' id='word_1_68' title='bbox 1007 1453 1127 1539; x_wconf 90' lang='lat' dir='ltr'><strong>quippe</strong></span> <span class='ocrx_word' id='word_1_69' title='bbox 1148 1455 1204 1538; x_wconf 92' lang='lat' dir='ltr'><strong>qui</strong></span> 
     </span>
     <span class='ocr_line' id='line_1_11' title="bbox 137 1558 1202 1645; baseline 0 -22"><span class='ocrx_word' id='word_1_70' title='bbox 137 1559 278 1624; x_wconf 87' lang='lat' dir='ltr'><strong>deorum</strong></span> <span class='ocrx_word' id='word_1_71' title='bbox 300 1559 482 1643; x_wconf 89' lang='lat' dir='ltr'><strong>interpretis</strong></span> <span class='ocrx_word' id='word_1_72' title='bbox 497 1558 661 1645; x_wconf 84' lang='lat' dir='ltr'><strong>legatique</strong></span> <span class='ocrx_word' id='word_1_73' title='bbox 675 1559 860 1624; x_wconf 89' lang='lat' dir='ltr'><strong>muneribus</strong></span> <span class='ocrx_word' id='word_1_74' title='bbox 874 1559 1077 1644; x_wconf 81' lang='lat' dir='ltr'><strong>fungebatur.</strong></span> <span class='ocrx_word' id='word_1_75' title='bbox 1101 1561 1202 1624; x_wconf 89' lang='lat' dir='ltr'><strong>Porro</strong></span> 
     </span>
     <span class='ocr_line' id='line_1_12' title="bbox 135 1665 1204 1752; baseline 0.002 -22"><span class='ocrx_word' id='word_1_76' title='bbox 135 1667 258 1731; x_wconf 90' lang='lat' dir='ltr'><strong>Venus</strong></span> <span class='ocrx_word' id='word_1_77' title='bbox 280 1675 313 1731; x_wconf 90' lang='lat' dir='ltr'><strong>et</strong></span> <span class='ocrx_word' id='word_1_78' title='bbox 335 1667 405 1750; x_wconf 88' lang='lat' dir='ltr'><strong>ipsa</strong></span> <span class='ocrx_word' id='word_1_79' title='bbox 427 1665 578 1731; x_wconf 90' lang='lat' dir='ltr'><strong>Mercurii</strong></span> <span class='ocrx_word' id='word_1_80' title='bbox 601 1666 740 1752; x_wconf 90' lang='lat' dir='ltr'><strong>solisque</strong></span> <span class='ocrx_word' id='word_1_81' title='bbox 765 1667 864 1732; x_wconf 91' lang='lat' dir='ltr'><strong>lineas</strong></span> <span class='ocrx_word' id='word_1_82' title='bbox 887 1669 981 1732; x_wconf 88' lang='lat' dir='ltr'><strong>certis</strong></span> <span class='ocrx_word' id='word_1_83' title='bbox 1003 1669 1036 1732; x_wconf 93' lang='lat' dir='ltr'><strong>in</strong></span> <span class='ocrx_word' id='word_1_84' title='bbox 1057 1668 1204 1751; x_wconf 91' lang='lat' dir='ltr'><strong>partibus</strong></span> 
     </span>
     <span class='ocr_line' id='line_1_13' title="bbox 136 1764 1204 1859; baseline 0.001 -21"><span class='ocrx_word' id='word_1_85' title='bbox 136 1773 334 1857; x_wconf 89' lang='lat' dir='ltr'><strong>attingendo</strong></span> <span class='ocrx_word' id='word_1_86' title='bbox 365 1775 530 1859; x_wconf 88' lang='lat' dir='ltr'><strong>utriusque</strong></span> <span class='ocrx_word' id='word_1_87' title='bbox 562 1775 709 1838; x_wconf 86' lang='lat' dir='ltr'><strong>circuitus</strong></span> <span class='ocrx_word' id='word_1_88' title='bbox 741 1774 948 1858; x_wconf 87' lang='lat' dir='ltr'><strong>amplitudine</strong></span> <span class='ocrx_word' id='word_1_89' title='bbox 979 1764 1204 1840; x_wconf 83' lang='lat' dir='ltr'><strong>circumcludit.</strong></span> 
     </span>
     <span class='ocr_line' id='line_1_14' title="bbox 135 1879 1264 1968; baseline 0.001 -22"><span class='ocrx_word' id='word_1_90' title='bbox 135 1881 287 1946; x_wconf 88' lang='lat' dir='ltr'><strong>Mediam</strong></span> <span class='ocrx_word' id='word_1_91' title='bbox 310 1882 393 1946; x_wconf 88' lang='lat' dir='ltr'><strong>inter</strong></span> <span class='ocrx_word' id='word_1_92' title='bbox 408 1881 594 1946; x_wconf 90' lang='lat' dir='ltr'><strong>humectum</strong></span> <span class='ocrx_word' id='word_1_93' title='bbox 609 1880 811 1968; x_wconf 87' lang='lat' dir='ltr'><strong>calidumque</strong></span> <span class='ocrx_word' id='word_1_94' title='bbox 825 1884 1014 1966; x_wconf 89' lang='lat' dir='ltr'><strong>temperiem</strong></span> <span class='ocrx_word' id='word_1_95' title='bbox 1029 1879 1264 1965; x_wconf 85' lang='lat' dir='ltr'><strong>consecuta175</strong></span> 
     </span>
     <span class='ocr_line' id='line_1_15' title="bbox 136 1989 1203 2074; baseline 0.002 -21"><span class='ocrx_word' id='word_1_96' title='bbox 136 1997 278 2053; x_wconf 88' lang='lat' dir='ltr'><strong>naturae</strong></span> <span class='ocrx_word' id='word_1_97' title='bbox 307 2010 384 2053; x_wconf 88' lang='lat' dir='ltr'><strong>suae</strong></span> <span class='ocrx_word' id='word_1_98' title='bbox 413 1989 573 2052; x_wconf 90' lang='lat' dir='ltr'><strong>beneficio</strong></span> <span class='ocrx_word' id='word_1_99' title='bbox 602 1990 851 2072; x_wconf 87' lang='lat' dir='ltr'><strong>germinantium</strong></span> <span class='ocrx_word' id='word_1_100' title='bbox 879 1989 961 2054; x_wconf 83' lang='lat' dir='ltr'><strong>fetus</strong></span> <span class='ocrx_word' id='word_1_101' title='bbox 989 1991 1141 2074; x_wconf 91' lang='lat' dir='ltr'><strong>provehit</strong></span> <span class='ocrx_word' id='word_1_102' title='bbox 1169 1999 1203 2055; x_wconf 92' lang='lat' dir='ltr'><strong>et</strong></span> 
     </span>
     <span class='ocr_line' id='line_1_16' title="bbox 135 2095 1202 2180; baseline 0.004 -22"><span class='ocrx_word' id='word_1_103' title='bbox 135 2095 272 2180; x_wconf 91' lang='lat' dir='ltr'><strong>publica</strong></span> <span class='ocrx_word' id='word_1_104' title='bbox 312 2115 420 2159; x_wconf 88' lang='lat' dir='ltr'><strong>rerum</strong></span> <span class='ocrx_word' id='word_1_105' title='bbox 456 2097 579 2161; x_wconf 87' lang='lat' dir='ltr'><strong>semina</strong></span> <span class='ocrx_word' id='word_1_106' title='bbox 615 2096 794 2179; x_wconf 85' lang='lat' dir='ltr'><strong>genialibus</strong></span> <span class='ocrx_word' id='word_1_107' title='bbox 830 2098 960 2162; x_wconf 89' lang='lat' dir='ltr'><strong>adiuvat</strong></span> <span class='ocrx_word' id='word_1_108' title='bbox 990 2098 1202 2162; x_wconf 90' lang='lat' dir='ltr'><strong>incrementis.</strong></span> 
     </span>
     <span class='ocr_line' id='line_1_17' title="bbox 135 2201 1202 2287; baseline 0.003 -21"><span class='ocrx_word' id='word_1_109' title='bbox 135 2202 369 2266; x_wconf 90' lang='lat' dir='ltr'><strong>Benivolarum</strong></span> <span class='ocrx_word' id='word_1_110' title='bbox 384 2223 514 2287; x_wconf 93' lang='lat' dir='ltr'><strong>quoque</strong></span> <span class='ocrx_word' id='word_1_111' title='bbox 528 2201 691 2267; x_wconf 89' lang='lat' dir='ltr'><strong>stellarum</strong></span> <span class='ocrx_word' id='word_1_112' title='bbox 710 2204 916 2286; x_wconf 90' lang='lat' dir='ltr'><strong>superadiuta</strong></span> <span class='ocrx_word' id='word_1_113' title='bbox 937 2205 1125 2268; x_wconf 87' lang='lat' dir='ltr'><strong>testimoniis</strong></span> <span class='ocrx_word' id='word_1_114' title='bbox 1146 2225 1202 2269; x_wconf 91' lang='lat' dir='ltr'><strong>na·</strong></span> 
     </span>
     <span class='ocr_line' id='line_1_18' title="bbox 135 2309 1203 2394; baseline 0.001 -21"><span class='ocrx_word' id='word_1_115' title='bbox 135 2309 283 2374; x_wconf 89' lang='lat' dir='ltr'><strong>tivitates</strong></span> <span class='ocrx_word' id='word_1_116' title='bbox 313 2330 394 2394; x_wconf 91' lang='lat' dir='ltr'><strong>quas</strong></span> <span class='ocrx_word' id='word_1_117' title='bbox 430 2309 564 2392; x_wconf 90' lang='lat' dir='ltr'><strong>ascpicit</strong></span> <span class='ocrx_word' id='word_1_118' title='bbox 600 2309 826 2393; x_wconf 89' lang='lat' dir='ltr'><strong>indulgentiori</strong></span> <span class='ocrx_word' id='word_1_119' title='bbox 858 2309 1008 2375; x_wconf 82' lang='lat' dir='ltr'><strong>felicitate</strong></span> <span class='ocrx_word' id='word_1_120' title='bbox 1039 2312 1203 2394; x_wconf 90' lang='lat' dir='ltr'><strong>conponit.</strong></span> 
     </span>
     <span class='ocr_line' id='line_1_19' title="bbox 137 2415 1290 2500; baseline 0.002 -20"><span class='ocrx_word' id='word_1_121' title='bbox 137 2417 200 2480; x_wconf 90' lang='lat' dir='ltr'><strong>Ex</strong></span> <span class='ocrx_word' id='word_1_122' title='bbox 215 2417 358 2480; x_wconf 90' lang='lat' dir='ltr'><strong>Venerio</strong></span> <span class='ocrx_word' id='word_1_123' title='bbox 380 2415 485 2480; x_wconf 90' lang='lat' dir='ltr'><strong>sidere</strong></span> <span class='ocrx_word' id='word_1_124' title='bbox 507 2416 609 2479; x_wconf 90' lang='lat' dir='ltr'><strong>credit</strong></span> <span class='ocrx_word' id='word_1_125' title='bbox 631 2415 813 2500; x_wconf 84' lang='lat' dir='ltr'><strong>astrologus</strong></span> <span class='ocrx_word' id='word_1_126' title='bbox 835 2419 1006 2500; x_wconf 90' lang='lat' dir='ltr'><strong>proveniat</strong></span> <span class='ocrx_word' id='word_1_127' title='bbox 1027 2419 1201 2496; x_wconf 90' lang='lat' dir='ltr'><strong>incitatum,</strong></span> <span class='ocrx_word' id='word_1_128' title='bbox 1228 2420 1290 2485; x_wconf 89' lang='lat'><strong>180</strong></span> 
     </span>
     <span class='ocr_line' id='line_1_20' title="bbox 137 2523 1202 2608; baseline 0.003 -22"><span class='ocrx_word' id='word_1_129' title='bbox 137 2523 295 2608; x_wconf 89' lang='lat' dir='ltr'><strong>quicquid</strong></span> <span class='ocrx_word' id='word_1_130' title='bbox 318 2523 466 2587; x_wconf 90' lang='lat' dir='ltr'><strong>humanis</strong></span> <span class='ocrx_word' id='word_1_131' title='bbox 489 2523 652 2587; x_wconf 89' lang='lat' dir='ltr'><strong>desideriis</strong></span> <span class='ocrx_word' id='word_1_132' title='bbox 675 2523 856 2607; x_wconf 90' lang='lat' dir='ltr'><strong>obrepserit</strong></span> <span class='ocrx_word' id='word_1_133' title='bbox 878 2525 1089 2608; x_wconf 90' lang='lat' dir='ltr'><strong>voluptatum.</strong></span> <span class='ocrx_word' id='word_1_134' title='bbox 1122 2523 1202 2591; x_wconf 91' lang='lat' dir='ltr'><strong>Vul-</strong></span> 
     </span>
     <span class='ocr_line' id='line_1_21' title="bbox 135 2629 1202 2715; baseline 0.002 -20"><span class='ocrx_word' id='word_1_135' title='bbox 135 2640 195 2695; x_wconf 87' lang='lat' dir='ltr'><strong>tus</strong></span> <span class='ocrx_word' id='word_1_136' title='bbox 224 2629 354 2714; x_wconf 90' lang='lat' dir='ltr'><strong>quidem</strong></span> <span class='ocrx_word' id='word_1_137' title='bbox 382 2631 520 2695; x_wconf 86' lang='lat' dir='ltr'><strong>Veneris</strong></span> <span class='ocrx_word' id='word_1_138' title='bbox 548 2630 729 2714; x_wconf 89' lang='lat' dir='ltr'><strong>perlucidus</strong></span> <span class='ocrx_word' id='word_1_139' title='bbox 761 2631 803 2694; x_wconf 89' lang='lat' dir='ltr'><strong>ad</strong></span> <span class='ocrx_word' id='word_1_140' title='bbox 834 2633 972 2715; x_wconf 86' lang='lat' dir='ltr'><strong>gratiam</strong></span> <span class='ocrx_word' id='word_1_141' title='bbox 1004 2633 1202 2715; x_wconf 88' lang='lat' dir='ltr'><strong>inspectoris.</strong></span> 
     </span>
     <span class='ocr_line' id='line_1_22' title="bbox 139 2736 1200 2822; baseline 0.002 -20"><span class='ocrx_word' id='word_1_142' title='bbox 139 2737 319 2802; x_wconf 90' lang='lat' dir='ltr'><strong>Gestamen</strong></span> <span class='ocrx_word' id='word_1_143' title='bbox 349 2738 416 2801; x_wconf 94' lang='lat' dir='ltr'><strong>eius</strong></span> <span class='ocrx_word' id='word_1_144' title='bbox 446 2736 550 2801; x_wconf 85' lang='lat' dir='ltr'><strong>facula</strong></span> <span class='ocrx_word' id='word_1_145' title='bbox 580 2758 666 2802; x_wconf 91' lang='lat' dir='ltr'><strong>nunc</strong></span> <span class='ocrx_word' id='word_1_146' title='bbox 694 2739 905 2822; x_wconf 80' lang='lat' dir='ltr'><strong>suffumigans</strong></span> <span class='ocrx_word' id='word_1_147' title='bbox 938 2760 1024 2804; x_wconf 92' lang='lat' dir='ltr'><strong>nunc</strong></span> <span class='ocrx_word' id='word_1_148' title='bbox 1055 2759 1200 2804; x_wconf 90' lang='lat' dir='ltr'><strong>accensa.</strong></span> 
     </span>
     <span class='ocr_line' id='line_1_23' title="bbox 137 2842 1202 2931; baseline 0.001 -21"><span class='ocrx_word' id='word_1_149' title='bbox 137 2844 279 2910; x_wconf 89' lang='lat' dir='ltr'><strong>Sinistro</strong></span> <span class='ocrx_word' id='word_1_150' title='bbox 311 2865 408 2928; x_wconf 89' lang='lat' dir='ltr'><strong>super</strong></span> <span class='ocrx_word' id='word_1_151' title='bbox 438 2845 480 2908; x_wconf 89' lang='lat' dir='ltr'><strong>ab</strong></span> <span class='ocrx_word' id='word_1_152' title='bbox 512 2845 613 2909; x_wconf 89' lang='lat' dir='ltr'><strong>ubere</strong></span> <span class='ocrx_word' id='word_1_153' title='bbox 645 2842 770 2929; x_wconf 90' lang='lat' dir='ltr'><strong>Cupido</strong></span> <span class='ocrx_word' id='word_1_154' title='bbox 804 2846 955 2930; x_wconf 88' lang='lat' dir='ltr'><strong>parvulus</strong></span> <span class='ocrx_word' id='word_1_155' title='bbox 986 2845 1202 2931; x_wconf 88' lang='lat' dir='ltr'><strong>dependebat.</strong></span> 
     </span>
     <span class='ocr_line' id='line_1_24' title="bbox 135 2949 1285 3035; baseline 0 -17"><span class='ocrx_word' id='word_1_156' title='bbox 135 2955 230 3018; x_wconf 88' lang='lat' dir='ltr'><strong>Inter</strong></span> <span class='ocrx_word' id='word_1_157' title='bbox 251 2952 385 3017; x_wconf 92' lang='lat' dir='ltr'><strong>circulos</strong></span> <span class='ocrx_word' id='word_1_158' title='bbox 408 2953 505 3035; x_wconf 87' lang='lat' dir='ltr'><strong>igitur</strong></span> <span class='ocrx_word' id='word_1_159' title='bbox 526 2973 612 3018; x_wconf 91' lang='lat' dir='ltr'><strong>nunc</strong></span> <span class='ocrx_word' id='word_1_160' title='bbox 634 2953 781 3019; x_wconf 91' lang='lat' dir='ltr'><strong>dividuos</strong></span> <span class='ocrx_word' id='word_1_161' title='bbox 808 2973 894 3017; x_wconf 91' lang='lat' dir='ltr'><strong>nunc</strong></span> <span class='ocrx_word' id='word_1_162' title='bbox 916 2954 1103 3018; x_wconf 91' lang='lat' dir='ltr'><strong>altrinsecus</strong></span> <span class='ocrx_word' id='word_1_163' title='bbox 1123 2954 1202 3018; x_wconf 92' lang='lat' dir='ltr'><strong>limi·</strong></span> <span class='ocrx_word' id='word_1_164' title='bbox 1227 2949 1285 3019; x_wconf 87' lang='lat'><strong>185</strong></span> 
     </span>
     <span class='ocr_line' id='line_1_25' title="bbox 137 3059 1201 3143; baseline 0.001 -17"><span class='ocrx_word' id='word_1_165' title='bbox 137 3069 248 3126; x_wconf 88' lang='lat' dir='ltr'><strong>tantes</strong></span> <span class='ocrx_word' id='word_1_166' title='bbox 263 3060 393 3137; x_wconf 86' lang='lat' dir='ltr'><strong>Urania,</strong></span> <span class='ocrx_word' id='word_1_167' title='bbox 416 3059 541 3124; x_wconf 90' lang='lat' dir='ltr'><strong>Natura</strong></span> <span class='ocrx_word' id='word_1_168' title='bbox 564 3061 802 3143; x_wconf 89' lang='lat' dir='ltr'><strong>circumspectis</strong></span> <span class='ocrx_word' id='word_1_169' title='bbox 821 3060 1049 3125; x_wconf 80' lang='lat' dir='ltr'><strong>iteneribus‘ad</strong></span> <span class='ocrx_word' id='word_1_170' title='bbox 1064 3081 1201 3128; x_wconf 91' lang='lat' dir='ltr'><strong>vacuum</strong></span> 
     </span>
     <span class='ocr_line' id='line_1_26' title="bbox 139 3165 1202 3252; baseline 0 -20"><span class='ocrx_word' id='word_1_171' title='bbox 139 3167 292 3233; x_wconf 89' lang='lat' dir='ltr'><strong>evolutae</strong></span> <span class='ocrx_word' id='word_1_172' title='bbox 314 3166 357 3231; x_wconf 94' lang='lat' dir='ltr'><strong>de</strong></span> <span class='ocrx_word' id='word_1_173' title='bbox 379 3165 542 3250; x_wconf 88' lang='lat' dir='ltr'><strong>conplexu</strong></span> <span class='ocrx_word' id='word_1_174' title='bbox 566 3188 662 3252; x_wconf 94' lang='lat' dir='ltr'><strong>quem</strong></span> <span class='ocrx_word' id='word_1_175' title='bbox 685 3168 832 3232; x_wconf 91' lang='lat' dir='ltr'><strong>viderant</strong></span> <span class='ocrx_word' id='word_1_176' title='bbox 855 3167 1086 3251; x_wconf 90' lang='lat' dir='ltr'><strong>colloquuntur.</strong></span> <span class='ocrx_word' id='word_1_177' title='bbox 1116 3166 1202 3251; x_wconf 81' lang='lat' dir='ltr'><strong>Quia</strong></span> 
     </span>
     <span class='ocr_line' id='line_1_27' title="bbox 136 3273 1201 3359; baseline -0.002 -19"><span class='ocrx_word' id='word_1_178' title='bbox 136 3275 239 3358; x_wconf 90' lang='lat' dir='ltr'><strong>igitur</strong></span> <span class='ocrx_word' id='word_1_179' title='bbox 260 3274 293 3338; x_wconf 91' lang='lat' dir='ltr'><strong>in</strong></span> <span class='ocrx_word' id='word_1_180' title='bbox 315 3274 506 3357; x_wconf 91' lang='lat' dir='ltr'><strong>depressum</strong></span> <span class='ocrx_word' id='word_1_181' title='bbox 529 3274 736 3359; x_wconf 91' lang='lat' dir='ltr'><strong>citimumque</strong></span> <span class='ocrx_word' id='word_1_182' title='bbox 757 3274 852 3339; x_wconf 91' lang='lat' dir='ltr'><strong>lunae</strong></span> <span class='ocrx_word' id='word_1_183' title='bbox 875 3273 1025 3339; x_wconf 88' lang='lat' dir='ltr'><strong>circulum</strong></span> <span class='ocrx_word' id='word_1_184' title='bbox 1040 3276 1093 3340; x_wconf 88' lang='lat' dir='ltr'><strong>uia</strong></span> <span class='ocrx_word' id='word_1_185' title='bbox 1106 3274 1201 3348; x_wconf 90' lang='lat' dir='ltr'><strong>decli-</strong></span> 
     </span>
     <span class='ocr_line' id='line_1_28' title="bbox 138 3381 1201 3465; baseline 0 -18"><span class='ocrx_word' id='word_1_186' title='bbox 138 3383 213 3448; x_wconf 89' lang='lat' dir='ltr'><strong>vior</strong></span> <span class='ocrx_word' id='word_1_187' title='bbox 241 3390 274 3447; x_wconf 91' lang='lat' dir='ltr'><strong>et</strong></span> <span class='ocrx_word' id='word_1_188' title='bbox 303 3382 437 3465; x_wconf 92' lang='lat' dir='ltr'><strong>pronior</strong></span> <span class='ocrx_word' id='word_1_189' title='bbox 466 3381 641 3460; x_wconf 84' lang='lat' dir='ltr'><strong>deserebat,</strong></span> <span class='ocrx_word' id='word_1_190' title='bbox 671 3381 771 3465; x_wconf 84' lang='lat' dir='ltr'><strong>longa</strong></span> <span class='ocrx_word' id='word_1_191' title='bbox 799 3381 872 3446; x_wconf 89' lang='lat' dir='ltr'><strong>licet</strong></span> <span class='ocrx_word' id='word_1_192' title='bbox 900 3403 967 3447; x_wconf 91' lang='lat' dir='ltr'><strong>non</strong></span> <span class='ocrx_word' id='word_1_193' title='bbox 989 3383 1123 3447; x_wconf 90' lang='lat' dir='ltr'><strong>sentitur</strong></span> <span class='ocrx_word' id='word_1_194' title='bbox 1144 3404 1201 3447; x_wconf 90' lang='lat' dir='ltr'><strong>ex·</strong></span> 
     </span>
     <span class='ocr_line' id='line_1_29' title="bbox 140 3489 1289 3574; baseline -0.001 -21"><span class='ocrx_word' id='word_1_195' title='bbox 140 3489 255 3554; x_wconf 89' lang='lat' dir='ltr'><strong>cursio.</strong></span> <span class='ocrx_word' id='word_1_196' title='bbox 299 3489 364 3553; x_wconf 94' lang='lat' dir='ltr'><strong>Iter</strong></span> <span class='ocrx_word' id='word_1_197' title='bbox 392 3497 588 3571; x_wconf 90' lang='lat' dir='ltr'><strong>promovent</strong></span> <span class='ocrx_word' id='word_1_198' title='bbox 616 3490 796 3553; x_wconf 90' lang='lat' dir='ltr'><strong>nescientes</strong></span> <span class='ocrx_word' id='word_1_199' title='bbox 817 3490 990 3553; x_wconf 90' lang='lat' dir='ltr'><strong>deveniunt</strong></span> <span class='ocrx_word' id='word_1_200' title='bbox 1012 3511 1077 3574; x_wconf 94' lang='lat' dir='ltr'><strong>quo</strong></span> <span class='ocrx_word' id='word_1_201' title='bbox 1100 3489 1201 3554; x_wconf 90' lang='lat' dir='ltr'><strong>inten-</strong></span> <span class='ocrx_word' id='word_1_202' title='bbox 1227 3503 1289 3574; x_wconf 92' lang='lat'><strong>190</strong></span> 
     </span>
     <span class='ocr_line' id='line_1_30' title="bbox 140 3595 1201 3680; baseline -0.003 -18"><span class='ocrx_word' id='word_1_203' title='bbox 140 3597 258 3662; x_wconf 90' lang='lat' dir='ltr'><strong>derant</strong></span> <span class='ocrx_word' id='word_1_204' title='bbox 280 3596 371 3660; x_wconf 90' lang='lat' dir='ltr'><strong>citius</strong></span> <span class='ocrx_word' id='word_1_205' title='bbox 393 3603 578 3678; x_wconf 86' lang='lat' dir='ltr'><strong>expectato.</strong></span> <span class='ocrx_word' id='word_1_206' title='bbox 604 3631 643 3643; x_wconf 90' lang='lat'><em>-</em></span> <span class='ocrx_word' id='word_1_207' title='bbox 677 3597 757 3660; x_wconf 92' lang='lat' dir='ltr'><strong>Erat</strong></span> <span class='ocrx_word' id='word_1_208' title='bbox 782 3595 872 3660; x_wconf 89' lang='lat' dir='ltr'><strong>limes</strong></span> <span class='ocrx_word' id='word_1_209' title='bbox 895 3597 976 3660; x_wconf 81' lang='lat' dir='ltr'><strong>a&#39;eris</strong></span> <span class='ocrx_word' id='word_1_210' title='bbox 998 3595 1201 3680; x_wconf 90' lang='lat' dir='ltr'><strong>aetherisque</strong></span> 
     </span>
     <span class='ocr_line' id='line_1_31' title="bbox 139 3701 1201 3788; baseline -0.002 -20"><span class='ocrx_word' id='word_1_211' title='bbox 139 3703 280 3780; x_wconf 90' lang='lat' dir='ltr'><strong>interius,</strong></span> <span class='ocrx_word' id='word_1_212' title='bbox 303 3703 357 3788; x_wconf 93' lang='lat' dir='ltr'><strong>qui</strong></span> <span class='ocrx_word' id='word_1_213' title='bbox 385 3701 480 3767; x_wconf 90' lang='lat' dir='ltr'><strong>lunae</strong></span> <span class='ocrx_word' id='word_1_214' title='bbox 509 3703 678 3767; x_wconf 88' lang='lat' dir='ltr'><strong>mediantis</strong></span> <span class='ocrx_word' id='word_1_215' title='bbox 709 3704 839 3768; x_wconf 90' lang='lat' dir='ltr'><strong>obiectu</strong></span> <span class='ocrx_word' id='word_1_216' title='bbox 862 3712 1010 3768; x_wconf 89' lang='lat' dir='ltr'><strong>naturam</strong></span> <span class='ocrx_word' id='word_1_217' title='bbox 1032 3704 1201 3786; x_wconf 86' lang='lat' dir='ltr'><strong>regionum</strong></span> 
     </span>
     <span class='ocr_line' id='line_1_32' title="bbox 139 3809 1200 3896; baseline -0.003 -20"><span class='ocrx_word' id='word_1_218' title='bbox 139 3810 329 3895; x_wconf 88' lang='lat' dir='ltr'><strong>disparabat</strong></span> <span class='ocrx_word' id='word_1_219' title='bbox 357 3809 551 3876; x_wconf 89' lang='lat' dir='ltr'><strong>alterutram.</strong></span> <span class='ocrx_word' id='word_1_220' title='bbox 598 3809 704 3895; x_wconf 88' lang='lat' dir='ltr'><strong>Supra</strong></span> <span class='ocrx_word' id='word_1_221' title='bbox 727 3811 816 3896; x_wconf 89' lang='lat' dir='ltr'><strong>quies</strong></span> <span class='ocrx_word' id='word_1_222' title='bbox 845 3811 1022 3889; x_wconf 86' lang='lat' dir='ltr'><strong>intermina,</strong></span> <span class='ocrx_word' id='word_1_223' title='bbox 1051 3830 1200 3874; x_wconf 90' lang='lat' dir='ltr'><strong>serenum</strong></span> 
     </span>
     <span class='ocr_line' id='line_1_33' title="bbox 139 3917 1201 4002; baseline -0.001 -19"><span class='ocrx_word' id='word_1_224' title='bbox 139 3928 342 4002; x_wconf 90' lang='lat' dir='ltr'><strong>perpetuum,</strong></span> <span class='ocrx_word' id='word_1_225' title='bbox 372 3917 593 4002; x_wconf 88' lang='lat' dir='ltr'><strong>tranquilliltas</strong></span> <span class='ocrx_word' id='word_1_226' title='bbox 622 3918 762 3982; x_wconf 88' lang='lat' dir='ltr'><strong>aetheris</strong></span> <span class='ocrx_word' id='word_1_227' title='bbox 788 3918 987 3982; x_wconf 90' lang='lat' dir='ltr'><strong>inconcussa.</strong></span> <span class='ocrx_word' id='word_1_228' title='bbox 1032 3917 1128 3983; x_wconf 92' lang='lat' dir='ltr'><strong>Unde</strong></span> <span class='ocrx_word' id='word_1_229' title='bbox 1150 3939 1201 3982; x_wconf 93' lang='lat' dir='ltr'><strong>su·</strong></span> 
     </span>
     <span class='ocr_line' id='line_1_34' title="bbox 140 4023 1284 4112; baseline 0.003 -22"><span class='ocrx_word' id='word_1_230' title='bbox 140 4045 251 4110; x_wconf 87' lang='lat' dir='ltr'><strong>perna,</strong></span> <span class='ocrx_word' id='word_1_231' title='bbox 267 4025 343 4110; x_wconf 90' lang='lat' dir='ltr'><strong>quia</strong></span> <span class='ocrx_word' id='word_1_232' title='bbox 357 4045 424 4088; x_wconf 92' lang='lat' dir='ltr'><strong>non</strong></span> <span class='ocrx_word' id='word_1_233' title='bbox 440 4025 482 4089; x_wconf 87' lang='lat' dir='ltr'><strong>ad</strong></span> <span class='ocrx_word' id='word_1_234' title='bbox 504 4024 589 4088; x_wconf 91' lang='lat' dir='ltr'><strong>aliud</strong></span> <span class='ocrx_word' id='word_1_235' title='bbox 611 4032 645 4088; x_wconf 93' lang='lat' dir='ltr'><strong>et</strong></span> <span class='ocrx_word' id='word_1_236' title='bbox 667 4024 709 4088; x_wconf 90' lang='lat' dir='ltr'><strong>ad</strong></span> <span class='ocrx_word' id='word_1_237' title='bbox 732 4024 816 4089; x_wconf 87' lang='lat' dir='ltr'><strong>aliud</strong></span> <span class='ocrx_word' id='word_1_238' title='bbox 835 4033 1000 4088; x_wconf 89' lang='lat' dir='ltr'><strong>momento</strong></span> <span class='ocrx_word' id='word_1_239' title='bbox 1015 4024 1200 4090; x_wconf 89' lang='lat' dir='ltr'><strong>mutationis</strong></span> <span class='ocrx_word' id='word_1_240' title='bbox 1226 4023 1284 4112; x_wconf 79' lang='lat'><strong>195</strong></span> 
     </span>
    </p>
   </div>
   <div class='ocr_carea' id='block_1_3' title="bbox 141 4109 1201 4432">
    <p class='ocr_par' dir='ltr' id='par_1_3' title="bbox 141 4109 1201 4432">
     <span class='ocr_line' id='line_1_35' title="bbox 142 4109 1201 4217; baseline -0.003 -19"><span class='ocrx_word' id='word_1_241' title='bbox 142 4134 310 4217; x_wconf 86' lang='lat' dir='ltr'><strong>emigrant,</strong></span> <span class='ocrx_word' id='word_1_242' title='bbox 333 4153 373 4196; x_wconf 94' lang='lat' dir='ltr'><strong>eo</strong></span> <span class='ocrx_word' id='word_1_243' title='bbox 396 4131 439 4197; x_wconf 91' lang='lat' dir='ltr'><strong>ab</strong></span> <span class='ocrx_word' id='word_1_244' title='bbox 462 4131 678 4196; x_wconf 88' lang='lat' dir='ltr'><strong>incolumitate</strong></span> <span class='ocrx_word' id='word_1_245' title='bbox 694 4140 727 4196; x_wconf 90' lang='lat' dir='ltr'><strong>et</strong></span> <span class='ocrx_word' id='word_1_246' title='bbox 742 4132 860 4196; x_wconf 91' lang='lat' dir='ltr'><strong>decore</strong></span> <span class='ocrx_word' id='word_1_247' title='bbox 875 4133 1008 4216; x_wconf 89' lang='lat' dir='ltr'><strong>proprio</strong></span> <span class='ocrx_word' id='word_1_248' title='bbox 1023 4109 1201 4197; x_wconf 88' lang='lat' dir='ltr'><strong>nullatenus</strong></span> 
     </span>
     <span class='ocr_line' id='line_1_36' title="bbox 142 4237 1200 4325; baseline -0.002 -19"><span class='ocrx_word' id='word_1_249' title='bbox 142 4237 326 4306; x_wconf 88' lang='lat' dir='ltr'><strong>alterantur.</strong></span> <span class='ocrx_word' id='word_1_250' title='bbox 353 4240 403 4304; x_wconf 93' lang='lat' dir='ltr'><strong>Ea</strong></span> <span class='ocrx_word' id='word_1_251' title='bbox 425 4239 555 4324; x_wconf 89' lang='lat' dir='ltr'><strong>quidem</strong></span> <span class='ocrx_word' id='word_1_252' title='bbox 577 4239 609 4303; x_wconf 95' lang='lat' dir='ltr'><strong>in</strong></span> <span class='ocrx_word' id='word_1_253' title='bbox 631 4247 725 4322; x_wconf 90' lang='lat' dir='ltr'><strong>parte</strong></span> <span class='ocrx_word' id='word_1_254' title='bbox 748 4239 828 4304; x_wconf 92' lang='lat' dir='ltr'><strong>caeli</strong></span> <span class='ocrx_word' id='word_1_255' title='bbox 850 4241 925 4325; x_wconf 93' lang='lat' dir='ltr'><strong>quia</strong></span> <span class='ocrx_word' id='word_1_256' title='bbox 947 4248 1062 4304; x_wconf 88' lang='lat' dir='ltr'><strong>natura</strong></span> <span class='ocrx_word' id='word_1_257' title='bbox 1084 4249 1134 4304; x_wconf 90' lang='lat' dir='ltr'><strong>est</strong></span> <span class='ocrx_word' id='word_1_258' title='bbox 1155 4240 1200 4304; x_wconf 86' lang='lat' dir='ltr'><strong>in·</strong></span> 
     </span>
     <span class='ocr_line' id='line_1_37' title="bbox 141 4345 1200 4432; baseline -0.004 -18"><span class='ocrx_word' id='word_1_259' title='bbox 141 4348 310 4426; x_wconf 88' lang='lat' dir='ltr'><strong>variabilis,</strong></span> <span class='ocrx_word' id='word_1_260' title='bbox 340 4346 512 4414; x_wconf 92' lang='lat' dir='ltr'><strong>mulcebris</strong></span> <span class='ocrx_word' id='word_1_261' title='bbox 544 4356 577 4412; x_wconf 89' lang='lat' dir='ltr'><strong>et</strong></span> <span class='ocrx_word' id='word_1_262' title='bbox 608 4346 724 4432; x_wconf 92' lang='lat' dir='ltr'><strong>quieta,</strong></span> <span class='ocrx_word' id='word_1_263' title='bbox 757 4347 867 4413; x_wconf 88' lang='lat' dir='ltr'><strong>sollers</strong></span> <span class='ocrx_word' id='word_1_264' title='bbox 900 4345 1037 4415; x_wconf 90' lang='lat' dir='ltr'><strong>Graecia</strong></span> <span class='ocrx_word' id='word_1_265' title='bbox 1068 4367 1200 4431; x_wconf 88' lang='lat' dir='ltr'><strong>campos</strong></span> 
     </span>
    </p>
   </div>
   <div class='ocr_carea' id='block_1_4' title="bbox 0 0 1514 4986">
    <p class='ocr_par' dir='ltr' id='par_1_4' title="bbox 0 0 1514 4986">
     <span class='ocr_line' id='line_1_38' title="bbox 0 0 1514 4986; baseline 0 1"><span class='ocrx_word' id='word_1_266' title='bbox 0 0 1514 4986; x_wconf 95' lang='lat' dir='ltr'><strong> </strong></span> 
     </span>
    </p>
   </div>
  </div>
 </body>
</html>
