3020 4986
330 437 375 529 '46

331 624 491 689 consentit
504 619 633 708 Elysios
647 629 681 687 et
703 621 811 687 felices
834 621 963 699 animas,
987 620 1071 685 alma
1092 628 1219 685 sacrata
1241 628 1275 685 et
1298 639 1389 683 nurn-

242 747 307 796 200
330 749 427 816 quam
450 731 591 796 desitura
612 729 690 794 lucis
711 729 907 795 amoenitate
928 729 1046 793 vestiri.
1077 729 1163 792 Infra
1185 728 1266 792 atris
1290 727 1389 813 quali·

329 845 380 901 tas
394 837 552 902 turbidior
566 837 747 916 infunditur,
764 838 851 902 cuius
867 836 1026 902 mutabilis
1044 837 1241 900 convertitur
1255 836 1389 918 species,

329 946 477 1031 quotiens
507 945 673 1028 expositas
701 944 904 1028 passionibus
927 945 1078 1009 materias
1101 943 1313 1008 contrarietas
1336 962 1387 1006 ac·

328 1052 501 1117 cidentium
515 1049 705 1134 interpellat
734 1052 832 1118 Unde
851 1051 998 1117 homines
1021 1052 1096 1136 quia
1117 1050 1224 1115 locum
1246 1050 1390 1114 incolunt

327 1158 503 1244 inquietum
524 1159 677 1222 tumultus
699 1159 799 1223 instar
820 1160 947 1236 veteris,
976 1166 1083 1222 motus
1110 1158 1388 1241 perturbationum

242 1261 304 1330 205
329 1286 461 1330 necesse
493 1275 542 1331 est
574 1266 722 1349 experiri.
768 1262 899 1348 Quippe
932 1286 1016 1349 quae
1047 1265 1137 1328 caelo
1168 1264 1389 1347 sideribusque

327 1372 511 1437 decesserat
539 1373 702 1455 potentius
731 1381 923 1456 expurgata,
952 1372 997 1436 in·
1014 1371 1214 1436 inferioribus
1235 1371 1390 1435 remansit

328 1479 370 1544 ad
392 1479 563 1563 plurimum
585 1477 684 1544 silvae
707 1480 881 1545 necessitas
903 1478 1071 1544 influentis,
1109 1477 1203 1543 Luna
1225 1479 1322 1561 igitur
1344 1477 1389 1540 di·

326 1587 467 1650 visorem
496 1595 529 1651 et
558 1586 784 1652 mediastinum
811 1585 946 1652 limitem
974 1587 1188 1652 intercurrens
1210 1585 1389 1649 feculentae

328 1693 459 1779 quidem
481 1701 514 1758 et
535 1693 729 1779 reliquorum
752 1696 985 1778 conparatione
1007 1695 1147 1759 siderum
1170 1693 1390 1777 corpulentiae

242 1813 307 1862 210
328 1801 498 1886 grossioris
508 1800 636 1866 divinas
651 1810 685 1866 et
706 1802 891 1867 inmortales
906 1803 1094 1867 vivacitates
1115 1803 1237 1885 ignium
1252 1820 1389 1883 pascens

328 1909 515 1974 aethericon
537 1911 643 1986 etiam,
676 1931 759 1995 quae
783 1911 948 1975 crescendi
971 1919 1086 1975 natura
1108 1918 1165 1987 est,
1188 1907 1389 1972 inferioribus

251 2105 253 2110 .
327 2016 555 2083 subministrat.
600 2014 696 2081 Cuius
726 2037 844 2102 corpus
872 2018 1012 2082 lucidum
1042 2026 1075 2082 et
1103 2016 1215 2081 solaris
1245 2016 1295 2079 cui
1324 2037 1388 2078 res-

327 2123 460 2208 plendet
490 2123 616 2189 luminis
648 2123 839 2190 redditivum
867 2125 1020 2189 ordinatis
1047 2143 1177 2206 semper
1205 2131 1239 2186 et
1267 2121 1389 2186 eisdem

327 2230 561 2296 invectionibus
591 2239 624 2295 et
652 2230 786 2296 solvitur
816 2241 849 2296 et
877 2239 1084 2315 temperatur.
1128 2230 1225 2296 Unde
1248 2229 1323 2314 quia
1346 2249 1389 2292 ex

241 2329 302 2398 215
328 2337 432 2402 alieno
455 2337 573 2401 lumine
602 2337 709 2402 lumen
737 2339 881 2416 efficitur,
903 2339 1068 2422 planetam
1090 2337 1165 2402 solis
1187 2356 1260 2400 eam
1282 2334 1389 2399 Ptolo·

327 2463 439 2509 maeus
454 2444 684 2527 Memphiticus
707 2445 890 2528 appellavit.
922 2445 980 2510 Ad
1002 2446 1085 2510 haec
1107 2445 1189 2509 sicut
1210 2443 1308 2508 maris
1330 2463 1388 2506 ex-

327 2552 520 2616 crescentias
544 2560 577 2616 et
599 2551 747 2616 sollicitat
769 2560 802 2616 et
824 2553 960 2635 reponit,
983 2553 1029 2616 sic
1051 2553 1186 2617 terrenis
1201 2550 1388 2614 substantiis

320 2667 450 2743 quanto
472 2659 614 2736 vicinior,
636 2668 728 2723 tanto
751 2660 925 2742 potentior
938 2660 1105 2723 invenitur.
1131 2660 1215 2723 Itum
1237 2658 1388 2722 reditum·

327 2785 391 2849 que
422 2786 483 2848 per
513 2765 629 2829 eadem
659 2767 753 2849 signa
784 2765 911 2830 assidua
942 2774 976 2829 et
1007 2765 1195 2849 infatigabili
1217 2765 1388 2829 velocitate

242 2881 307 2930 220
330 2880 523 2935 convertens
546 2872 579 2935 in
601 2891 653 2935 res
676 2879 709 2935 et
730 2872 797 2937 sata
818 2872 985 2937 hominum
1007 2874 1074 2937 vim
1096 2873 1388 2956 praesentissimam

326 2977 519 3043 vendicavit.
565 2979 674 3044 Unum
701 2978 851 3065 idemque
878 3000 996 3044 numen
1025 3000 1086 3062 pro
1117 2979 1302 3044 diversitate
1331 2999 1387 3062 po

328 3085 449 3149 tentiae
479 3094 512 3150 et
541 3085 637 3150 officii
660 3106 745 3151 nunc
766 3085 924 3151 Lucinam
947 3088 979 3151 in
1001 3086 1161 3169 lampade,
1183 3105 1268 3151 nunc
1291 3106 1386 3150 vena·

327 3191 441 3256 tricem
472 3193 505 3257 in
542 3191 711 3276 pharetra,
750 3214 836 3258 nunc
867 3195 1014 3278 reginam
1044 3193 1237 3258 Tartaream
1267 3201 1387 3258 sertato

328 3300 435 3384 capite
456 3300 669 3382 praeferebat

326 3601 392 3686 VI,
415 3565 625 3673 Exhaustus
647 3627 708 3691 pro
730 3617 824 3691 parte
846 3607 948 3688 labor,
971 3618 1122 3693 superata
1143 3608 1266 3674 viarum

370 3714 487 3779 Ardua
507 3715 571 3778 iam
596 3724 749 3797 poterant
771 3715 968 3782 exhilarasse
990 3719 1077 3782 deas.

327 3820 364 3885 ln
387 3820 533 3904 sphaeris
555 3821 681 3886 titulata
703 3822 767 3886 suis
789 3833 925 3906 septena
946 3825 1111 3908 planetum

372 3927 520 4012 Corpora
541 3928 734 3993 transierant
755 3930 961 4017 sidereasque
983 3932 1109 3995 domos.

286 4033 303 4102 ⁵
329 4033 444 4102 Sermo
467 4035 539 4101 viae
560 4034 628 4099 salx
650 4055 748 4100 curva
769 4039 862 4116 senis,
885 4037 1015 4122 galeata
1037 4038 1159 4103 cruenti

372 4141 480 4206 Militis
503 4142 636 4226 effigies.
681 4144 763 4209 inter
784 4154 956 4231 utrumque
976 4146 1062 4210 Iovis

328 4249 528 4316 Mundanum
550 4249 607 4328 sol,
629 4249 704 4317 luna
725 4252 827 4317 iubar.
870 4254 931 4318 sub
954 4262 1092 4339 utroque
1115 4252 1205 4336 ligati

372 4357 548 4424 Mercurius
570 4357 692 4425 Veneri
713 4358 922 4446 Mecurioque
944 4357 1066 4426 Venus.
