3020 4986
1125 407 1218 498 4³⁴

103 599 250 674 quasset,
275 593 426 676 inperiosi
448 591 553 657 vultus
576 593 694 670 femina
710 592 830 661 Clotho
852 615 912 678 per
933 593 1079 660 ordinem
1102 614 1170 659 suc·

103 701 311 766 cessionibus
331 710 518 784 'temporum
540 701 735 785 explicabat.
768 702 818 768 Ea
832 703 928 785 igitur
943 703 1035 787 quod
1054 722 1172 787 aequa·

101 816 169 872 tam
201 809 411 893 refixamque
439 829 546 874 rerum
575 811 690 874 seriem
721 818 755 873 et
783 807 951 898 distribuat
979 817 1013 874 et
1034 808 1172 886 evolvat,

100 924 170 980 tam
193 914 404 998 plenissimae
419 931 539 982 nomen
554 903 614 980 sibi
629 907 804 983 maiestatis
827 899 1003 998 insumpsit,
1026 925 1061 980 ut
1084 916 1172 1001 quic·

100 1023 179 1105 quid
215 1025 313 1106 spatii
344 1023 454 1088 lunam
485 1025 653 1089 interiacet
684 1033 718 1089 et
744 1022 927 1100 Saturnum,
959 1021 1094 1107 Clothos
1125 1023 1172 1086 in·
1194 1014 1234 1103 95

99 1130 233 1211 perium
266 1130 454 1214 appelletur.
508 1130 600 1195 Loco
632 1131 728 1214 igitur
759 1131 955 1197 evidentiore
987 1130 1173 1213 conpositas

100 1237 265 1303 Uraniam
295 1238 468 1322 magnifice
499 1237 558 1302 sed
589 1238 747 1303 Naturam
778 1237 1035 1321 magnificentius
1065 1255 1172 1300 rerum

100 1365 208 1410 novus
224 1356 267 1416 ¹et
289 1346 472 1430 infrequens
494 1345 667 1410 delectavit
689 1355 847 1428 aspectus.
881 1345 1116 1411 Verumtamen
1130 1362 1172 1406 ne

101 1453 305 1518 novitatibus
328 1451 488 1518 intuendis
511 1455 669 1518 morosius
696 1453 907 1536 indulgerent,
936 1472 1044 1516 rursus
1067 1450 1172 1516 accin·

102 1568 227 1640 guntur
248 1562 353 1625 itineri
383 1570 416 1626 et
444 1561 592 1626 laborem
622 1561 687 1623 iam
709 1561 821 1624 initum
843 1559 1084 1624 continuatione
1106 1579 1172 1643 qua
1196 1569 1258 1619 100

102 1677 285 1749 coeperant
307 1677 552 1754 persequuntur.
590 1667 704 1732 Martis
718 1669 815 1751 igitur
837 1667 879 1732 ad
902 1667 1171 1731 subteriacentem

103 1774 258 1840 circulum
274 1776 484 1841 anfractuosis
500 1777 630 1861 quidem
652 1776 710 1840 sed
733 1796 800 1840 non
822 1776 905 1839 adeo
921 1776 1061 1840 distortis
1082 1773 1171 1839 lineis

103 1883 365 1967 propinquantes
393 1903 537 1948 murmur
566 1903 670 1967 aquae
702 1881 790 1948 velut
818 1883 850 1946 in
881 1881 1022 1966 abrupta
1042 1881 1170 1946 vallium

103 1991 350 2072 praecipitantis
366 1992 537 2074 accipiunt.
569 1988 715 2076 Cumque
730 1989 772 2054 de
794 1991 945 2073 proximo
961 1988 1072 2053 fideles
1094 2007 1171 2054 ocu·

104 2093 152 2158 los
174 2097 366 2174 infixissent,
389 2099 514 2162 Natura
527 2096 881 2181 Pyriphlegethontem,
905 2098 959 2182 qui
974 2096 1092 2161 Martio
1115 2094 1170 2160 de·
1196 2085 1254 2155 105
1308 2073 1369 2129 Ψ

20 2237 22 2268 r
106 2212 256 2267 manaret
279 2203 407 2281 circulo,
438 2204 480 2270 de
507 2205 581 2268 rivis
607 2204 778 2268 liventibus
800 2212 834 2267 et
855 2202 1034 2286 sulphureis
1056 2222 1169 2286 recog·

108 2311 208 2375 novit.
255 2309 322 2375 Sed
346 2319 379 2374 et
400 2311 514 2394 Pyrois
537 2311 623 2377 sidus
645 2310 799 2376 Martium
820 2319 896 2394 turn¹
910 2310 994 2374 forte
1016 2309 1058 2374 de
1074 2307 1170 2375 Scor-

107 2415 205 2495 pione
234 2439 292 2480 suo
322 2417 396 2481 loco
426 2426 646 2482 consentaneo
677 2426 711 2481 et
734 2419 850 2482 nativis
872 2426 997 2482 erectus
1019 2417 1169 2501 potentiis

21 2575 22 2614 7
106 2519 138 2583 in
168 2533 319 2608 quartum
348 2525 542 2608 signumque
571 2525 742 2609 septimum
770 2525 912 2590 minaces
940 2524 1048 2588 radios
1071 2525 1170 2588 intor-

109 2631 231 2710 quebat
245 2632 564 2715 oportunitatemque
580 2632 758 2717 quaerebat
773 2653 817 2696 ex
836 2631 963 2709 circulo,
984 2640 1020 2696 ut
1042 2639 1170 2698 cometa
1196 2638 1258 2689 110

107 2731 209 2800 factus
230 2738 425 2820 sanguineus
448 2739 561 2802 crinito
583 2738 688 2802 sidere
710 2738 857 2804 terribilis
881 2732 1062 2822 appareret
1094 2736 1169 2802 Sus·

106 2851 235 2920 pectam
257 2845 446 2927 intemperie
476 2845 676 2910 mansionem
702 2847 842 2932 dirisque
863 2847 1037 2931 vaporibus
1060 2853 1165 2911 aestu·

109 2958 216 3014 antem
238 2952 343 3015 citatis
372 2938 554 3016 accelerant
583 2953 827 3018 excursionibus
849 2953 1048 3019 transvolare
1071 2962 1105 3017 et
1126 2951 1169 3016 ad

109 3055 181 3120 solis
213 3057 330 3122 vivifici
361 3057 572 3122 tabernacula
600 3059 795 3124 deferuntur.
818 3097 862 3108 —
899 3061 1047 3124 Profecto
1079 3059 1169 3126 limes

20 3183 22 3228 i
108 3159 267 3242 Heliacus‚
290 3186 466 3249 perquem
489 3186 595 3230 annuo
619 3166 668 3231 sol
691 3168 909 3233 circumfertur
931 3187 1078 3244 excursu,
1101 3186 1168 3232 non
1194 3157 1252 3227 115

21 3341 22 3364 χ
109 3271 271 3334 uniformis
288 3281 357 3336 erat
372 3273 430 3336 sed
440 3275 604 3357 quaternis
618 3274 1020 3340 varietatibusdiscolorus.
1043 3271 1170 3355 Quarta

95 3377 213 3454 'priore
237 3378 355 3444 circulo
377 3399 469 3443 more
491 3380 657 3446 viridantis
678 3381 827 3466 Aegypti
850 3383 882 3447 in
905 3383 1032 3447 diversa
1054 3380 1169 3445 florum

109 3485 254 3561 germina
276 3487 479 3551 novamentis
493 3487 676 3553 vernalibus
691 3489 895 3556 herbidabat.
928 3488 1077 3554 Secunda
1093 3508 1169 3552 con-

20 3606 21 3618 *
109 3595 157 3656 tra
185 3593 270 3656 veris
300 3594 546 3658 teneritudinem
577 3597 685 3679 ignitis
713 3597 889 3681 vaporibus
921 3598 1113 3663 adaestuans
1135 3602 1169 3661 et

112 3699 260 3762 ambusta
289 3699 438 3765 ariditate
467 3701 597 3765 sitiebat
618 3705 749 3768 aestiva.
793 3705 894 3769 Porro
917 3706 1011 3770 tertia
1033 3725 1076 3770 ex
1099 3723 1169 3768 cro·
1195 3715 1257 3766 120

110 3822 167 3869 ceo
181 3806 338 3891 viridique
359 3807 540 3872 confectam
563 3811 737 3876 autumnali
759 3814 944 3877 maturitate
966 3811 1081 3877 coloris
1096 3833 1168 3895 spe-

111 3912 188 3976 ciem
211 3913 426 3996 praeferebat.
462 3915 620 3981 Extrema
643 3919 768 4001 etipsa
789 3921 955 4003 signorum
978 3920 1073 3984 trium
1095 3940 1168 4003 spa·

20 4028 22 4049 ‘¹
111 4018 158 4082 tiis
180 4029 377 4103 exporrecta
399 4022 508 4104 specie
526 4032 619 4088 tenus
634 4024 811 4091 fluctuabat
827 4027 926 4092 instar
941 4037 1053 4112 aquae,
1070 4048 1168 4113 quam

110 4124 139 4190 in
169 4136 358 4192 concretam
386 4128 525 4211 glaciem
547 4132 636 4214 rigor
658 4125 827 4200 solidasset
849 4134 1012 4201 hibernus.
1056 4136 1168 4221 thue

21 4324 22 4328 Ἰ
110 4235 235 4300 maioris
265 4245 350 4301 esset
379 4237 553 4320 spectaculi
577 4258 641 4304 una
662 4241 755 4306 unius
777 4244 927 4309 excursio
950 4245 1068 4312 totiens
1091 4245 1167 4311 alte·
1194 4234 1251 4304 125

111 4351 184 4422 rata,
207 4364 268 4430 per
289 4354 447 4411 mutatum
470 4352 585 4432 quater
614 4347 764 4414 circulum
787 4352 916 4416 mutatis
939 4363 1055 4439 quater
1075 4353 1180 4430 vulti·¹
