2978 4990
281 397 325 462 68

281 572 386 639 Cessit
407 573 450 640 ab
473 573 597 637 auditu:
620 572 731 636 docilis
750 574 960 657 ‘prudensque
983 572 1103 655 periret

323 680 457 760 Littera,
481 681 506 745 si
529 679 633 744 surdis'
654 680 783 745 auribus
806 688 890 744 esset
913 680 1023 745 homo.

279 996 374 1082 Quae
395 1007 505 1066 tamen
528 1001 731 1084 exprompsit
753 1007 786 1064 et
808 999 910 1063 nudas
932 998 1074 1083 prodidit
1095 1008 1189 1077 artes,

213 1108 257 1172 80
323 1103 465 1190 Cognita
486 1106 650 1190 multiplici
671 1107 781 1189 lingua
804 1126 922 1170 nocere
942 1106 1040 1171 malo.

277 1211 363 1276 Nam
384 1213 469 1278 male
492 1214 633 1279 discreta
654 1215 804 1297 quotiens
827 1213 966 1278 insibilat
989 1234 1065 1278 aure

320 1319 436 1384 Livida
458 1321 628 1386 mordaces
649 1322 864 1404 vipereosque
886 1340 993 1397 sonos

278 1424 417 1510 Separat
439 1429 606 1493 unanimes
628 1428 751 1504 fratres,
774 1427 916 1491 inimicat
937 1427 1067 1499 amicos,

320 1532 563 1620 Abrumpitque
585 1534 687 1598 fidem
710 1534 925 1634 dissociatque
947 1533 1071 1597 thoros.

211 1637 249 1707 85
275 1638 402 1704 Turbat
424 1662 522 1724 agros
544 1641 681 1724 praedis,
703 1640 773 1704 fora
794 1640 909 1717 litibus,
933 1640 1055 1723 oppida
1078 1638 1179 1718 bellis,

320 1747 454 1831 Detegit
476 1768 630 1813 arcanum
653 1749 900 1831 depositumque
923 1757 1033 1830 negat.

276 2065 396 2132 Gustus
418 2088 523 2152 aquae
546 2069 717 2151 cognatior
739 2077 788 2132 est
810 2069 1010 2151 propiorque
1031 2066 1155 2151 liquori,

319 2172 456 2238 Constat
479 2173 522 2238 ab
545 2173 707 2252 humecto,
731 2174 884 2259 quicquid
907 2175 939 2237 in
962 2195 1019 2238 ore
1042 2175 1135 2257 sapit.

275 2277 331 2344 Sic
353 2280 484 2347 mollem
507 2301 638 2345 sensum
660 2281 747 2345 molli
770 2281 895 2346 Natura
917 2280 1026 2363 palato

208 2405 253 2478 90
320 2387 363 2451 Et
385 2387 479 2451 simili
502 2389 622 2452 studuit
645 2388 816 2453 conciliare
840 2388 924 2453 cibo,

272 2493 398 2576 Pauper
420 2486 456 2558 in¹
476 2494 542 2559 hoc
564 2515 661 2558 sensu
684 2496 801 2560 vellem
824 2494 980 2559 defectior
1002 2502 1098 2572 esset,

317 2599 430 2665 Mente
452 2602 585 2686 quidem
607 2612 737 2686 saperet
759 2603 905 2686 amplius,
929 2623 985 2666 ore
1008 2602 1123 2666 minus.

273 2704 410 2790 Quaerit
431 2718 467 2773 ut
489 2710 651 2792 exspoliet
672 2710 852 2787 venatibus,
875 2709 959 2787 alite,
982 2709 1072 2792 pisce

319 2813 440 2880 Gustus
463 2815 605 2893 humum,
628 2826 741 2900 gustus
763 2823 847 2894 a'e'ra,
869 2826 984 2899 gustus
1006 2836 1117 2900 aquas.

206 2922 247 3010 95
273 2921 437 2987 Deliciosa
458 2923 561 2987 fames
583 2923 611 2987 si
634 2925 766 3008 quando
788 2925 923 2988 recessit
946 2924 988 2989 ab
1012 2924 1093 3002 aula,
1180 2973 1183 2983 .

317 3029 479 3094 Personae
500 3030 588 3095 tenui
612 3032 794 3114 perniciosa
815 3031 914 3095 venit.

272 3136 418 3220 Prodigit
440 3157 505 3216 aes,
527 3136 612 3201 male
635 3137 756 3202 conflat
777 3158 859 3221 opes
882 3146 916 3202 et
937 3136 1025 3202 avita
1046 3136 1163 3221 ligurit,

317 3241 412 3325 Quae
434 3243 541 3309 bonus
563 3243 664 3309 illexit
684 3245 885 3330 detinuitque
909 3265 1016 3328 sapor.

271 3563 358 3630 Inter
378 3565 565 3649 Pangaeum
586 3566 639 3630 vel
660 3566 802 3631 olentem
824 3565 911 3631 naris
933 3566 1069 3631 odorem

188 3686 252 3738 100
316 3670 455 3737 Dividit:
478 3672 531 3738 hic
554 3673 723 3738 cerebrum
746 3673 880 3751 subruit,
903 3674 957 3738 hic
979 3675 1112 3739 refovet

271 3777 385 3843 Rebus
407 3779 583 3845 odorandis
606 3800 736 3845 causam
759 3781 940 3865 corruptior
963 3802 1019 3846 aer

315 3885 469 3965 Praestat,
492 3897 526 3952 et
547 3887 664 3970 inpuro
687 3897 738 3953 est
759 3889 867 3954 debile
890 3888 977 3954 naris
1000 3910 1092 3973 opus.

269 4206 408 4274 Tardior
430 4215 615 4288 estractus,
638 4229 737 4294 quam
759 4210 814 4295 qui
837 4209 989 4276 diiudicat
1011 4231 1103 4277 escas

315 4312 423 4396 Quam
445 4316 500 4400 qui
524 4325 655 4400 captato
678 4337 791 4382 sensus
814 4318 916 4383 odore
938 4318 1036 4384 venit
