<?xml version="1.0" encoding="UTF-8"?>
<!DOCTYPE html PUBLIC "-//W3C//DTD XHTML 1.0 Transitional//EN"
    "http://www.w3.org/TR/xhtml1/DTD/xhtml1-transitional.dtd">
<html xmlns="http://www.w3.org/1999/xhtml" xml:lang="en" lang="en">
 <head>
  <title>
</title>
<meta http-equiv="Content-Type" content="text/html;charset=utf-8" />
  <meta name='ocr-system' content='tesseract 3.04.00' />
  <meta name='ocr-capabilities' content='ocr_page ocr_carea ocr_par ocr_line ocrx_word'/>
</head>
<body>
  <div class='ocr_page' id='page_1' title='image "bernardisilvest00silvgoog_0064.png"; bbox 0 0 3048 4998; ppageno 0'>
   <div class='ocr_carea' id='block_1_1' title="bbox 215 567 1178 1185">
    <p class='ocr_par' dir='ltr' id='par_1_1' title="bbox 215 567 1029 753">
     <span class='ocr_line' id='line_1_1' title="bbox 215 567 968 636; baseline 0.003 -4"><span class='ocrx_word' id='word_1_1' title='bbox 215 567 295 632; x_wconf 92' lang='lat' dir='ltr'><strong>Non</strong></span> <span class='ocrx_word' id='word_1_2' title='bbox 318 569 409 634; x_wconf 88' lang='lat' dir='ltr'><strong>aliter</strong></span> <span class='ocrx_word' id='word_1_3' title='bbox 431 589 542 632; x_wconf 90' lang='lat' dir='ltr'><strong>sensus</strong></span> <span class='ocrx_word' id='word_1_4' title='bbox 565 568 644 634; x_wconf 91' lang='lat' dir='ltr'><strong>alios</strong></span> <span class='ocrx_word' id='word_1_5' title='bbox 667 569 820 634; x_wconf 90' lang='lat' dir='ltr'><strong>obscurat</strong></span> <span class='ocrx_word' id='word_1_6' title='bbox 842 569 968 636; x_wconf 87' lang='lat' dir='ltr'>honore</span> 
     </span>
     <span class='ocr_line' id='line_1_2' title="bbox 261 675 1029 753; baseline 0.003 -15"><span class='ocrx_word' id='word_1_7' title='bbox 261 675 369 753; x_wconf 72' lang='lat' dir='ltr'><strong>Visus</strong></span> <span class='ocrx_word' id='word_1_8' title='bbox 393 685 426 740; x_wconf 86' lang='lat' dir='ltr'><strong>et</strong></span> <span class='ocrx_word' id='word_1_9' title='bbox 449 676 481 739; x_wconf 91' lang='lat' dir='ltr'><strong>in</strong></span> <span class='ocrx_word' id='word_1_10' title='bbox 504 676 574 740; x_wconf 93' lang='lat' dir='ltr'><strong>solo</strong></span> <span class='ocrx_word' id='word_1_11' title='bbox 597 676 715 741; x_wconf 90' lang='lat' dir='ltr'><strong>lumine</strong></span> <span class='ocrx_word' id='word_1_12' title='bbox 737 685 824 741; x_wconf 90' lang='lat' dir='ltr'><strong>totus</strong></span> <span class='ocrx_word' id='word_1_13' title='bbox 846 676 947 740; x_wconf 94' lang='lat' dir='ltr'><strong>homo</strong></span> <span class='ocrx_word' id='word_1_14' title='bbox 971 685 1029 742; x_wconf 90' lang='lat' dir='ltr'><strong>est.</strong></span> 
     </span>
    </p>

    <p class='ocr_par' dir='ltr' id='par_1_2' title="bbox 216 780 1178 973">
     <span class='ocr_line' id='line_1_3' title="bbox 216 780 1178 867; baseline 0.002 -21"><span class='ocrx_word' id='word_1_15' title='bbox 216 780 393 864; x_wconf 83' lang='lat' dir='ltr'><strong>Quaerenti</strong></span> <span class='ocrx_word' id='word_1_16' title='bbox 416 783 631 865; x_wconf 90' lang='lat' dir='ltr'><strong>Empedocles</strong></span> <span class='ocrx_word' id='word_1_17' title='bbox 654 783 732 866; x_wconf 90' lang='lat' dir='ltr'><strong>quid</strong></span> <span class='ocrx_word' id='word_1_18' title='bbox 755 785 879 847; x_wconf 90' lang='lat' dir='ltr'><strong>viveret</strong></span> <span class='ocrx_word' id='word_1_19' title='bbox 900 785 1011 867; x_wconf 89' lang='lat' dir='ltr'><strong>iuquit,</strong></span> <span class='ocrx_word' id='word_1_20' title='bbox 1034 788 1072 848; x_wconf 83' lang='lat' dir='ltr'><strong>ut&#39;</strong></span> <span class='ocrx_word' id='word_1_21' title='bbox 1092 792 1178 849; x_wconf 89' lang='lat' dir='ltr'><strong>astra</strong></span> 
     </span>
     <span class='ocr_line' id='line_1_4' title="bbox 260 889 1021 973; baseline 0.003 -21"><span class='ocrx_word' id='word_1_22' title='bbox 260 889 441 973; x_wconf 84' lang='lat' dir='ltr'><strong>Inspiciam.</strong></span> <span class='ocrx_word' id='word_1_23' title='bbox 487 890 611 954; x_wconf 90' lang='lat' dir='ltr'><strong>caelum</strong></span> <span class='ocrx_word' id='word_1_24' title='bbox 634 890 806 954; x_wconf 82' lang='lat' dir='ltr'>subtrahe:</span> <span class='ocrx_word' id='word_1_25' title='bbox 830 890 931 954; x_wconf 94' lang='lat' dir='ltr'><strong>nullus</strong></span> <span class='ocrx_word' id='word_1_26' title='bbox 955 911 1021 954; x_wconf 90' lang='lat' dir='ltr'><strong>ero.</strong></span> 
     </span>
    </p>

    <p class='ocr_par' dir='ltr' id='par_1_3' title="bbox 216 995 1136 1185">
     <span class='ocr_line' id='line_1_5' title="bbox 216 995 1086 1080; baseline 0.002 -20"><span class='ocrx_word' id='word_1_27' title='bbox 216 995 323 1060; x_wconf 90' lang='lat' dir='ltr'><strong>Caeca</strong></span> <span class='ocrx_word' id='word_1_28' title='bbox 345 1017 459 1060; x_wconf 88' lang='lat' dir='ltr'><strong>manus</strong></span> <span class='ocrx_word' id='word_1_29' title='bbox 484 997 643 1061; x_wconf 82' lang='lat' dir='ltr'><strong>detrectat</strong></span> <span class='ocrx_word' id='word_1_30' title='bbox 665 1018 757 1080; x_wconf 92' lang='lat' dir='ltr'><strong>opus,</strong></span> <span class='ocrx_word' id='word_1_31' title='bbox 780 1019 839 1080; x_wconf 90' lang='lat' dir='ltr'><strong>pes</strong></span> <span class='ocrx_word' id='word_1_32' title='bbox 861 998 969 1062; x_wconf 87' lang='lat' dir='ltr'><strong>ebrius</strong></span> <span class='ocrx_word' id='word_1_33' title='bbox 991 1007 1086 1075; x_wconf 90' lang='lat' dir='ltr'><strong>errat,</strong></span> 
     </span>
     <span class='ocr_line' id='line_1_6' title="bbox 261 1101 1136 1185; baseline 0.002 -19"><span class='ocrx_word' id='word_1_34' title='bbox 261 1101 402 1185; x_wconf 84' lang='lat' dir='ltr'>Quando</span> <span class='ocrx_word' id='word_1_35' title='bbox 425 1124 508 1185; x_wconf 92' lang='lat' dir='ltr'><strong>opus</strong></span> <span class='ocrx_word' id='word_1_36' title='bbox 531 1103 564 1166; x_wconf 90' lang='lat' dir='ltr'><strong>in</strong></span> <span class='ocrx_word' id='word_1_37' title='bbox 586 1102 730 1167; x_wconf 87' lang='lat' dir='ltr'><strong>tenebris</strong></span> <span class='ocrx_word' id='word_1_38' title='bbox 753 1111 787 1168; x_wconf 88' lang='lat' dir='ltr'><strong>et</strong></span> <span class='ocrx_word' id='word_1_39' title='bbox 809 1105 877 1167; x_wconf 90' lang='lat' dir='ltr'><strong>sine</strong></span> <span class='ocrx_word' id='word_1_40' title='bbox 899 1103 971 1168; x_wconf 92' lang='lat' dir='ltr'><strong>luce</strong></span> <span class='ocrx_word' id='word_1_41' title='bbox 994 1113 1136 1170; x_wconf 88' lang='lat' dir='ltr'><strong>movent.</strong></span> 
     </span>
    </p>
   </div>
   <div class='ocr_carea' id='block_1_2' title="bbox 214 1422 935 1505">
    <p class='ocr_par' dir='ltr' id='par_1_4' title="bbox 214 1422 935 1505">
     <span class='ocr_line' id='line_1_7' title="bbox 214 1422 935 1505; baseline -0.003 -17"><span class='ocrx_word' id='word_1_42' title='bbox 214 1424 358 1488; x_wconf 88' lang='lat' dir='ltr'><strong>Auditus</strong></span> <span class='ocrx_word' id='word_1_43' title='bbox 380 1423 458 1488; x_wconf 90' lang='lat' dir='ltr'><strong>sede</strong></span> <span class='ocrx_word' id='word_1_44' title='bbox 481 1422 618 1500; x_wconf 85' lang='lat' dir='ltr'><strong>inferior,</strong></span> <span class='ocrx_word' id='word_1_45' title='bbox 641 1422 810 1488; x_wconf 90' lang='lat' dir='ltr'><strong>virtutibus</strong></span> <span class='ocrx_word' id='word_1_46' title='bbox 833 1422 935 1505; x_wconf 83' lang='lat' dir='ltr'>inpar,</span> 
     </span>
    </p>
   </div>
   <div class='ocr_carea' id='block_1_3' title="bbox 209 1530 1185 4486">
    <p class='ocr_par' dir='ltr' id='par_1_5' title="bbox 209 1530 1185 4486">
     <span class='ocr_line' id='line_1_8' title="bbox 258 1530 970 1608; baseline -0.001 -14"><span class='ocrx_word' id='word_1_47' title='bbox 258 1531 397 1594; x_wconf 89' lang='lat' dir='ltr'><strong>Tardior</strong></span> <span class='ocrx_word' id='word_1_48' title='bbox 419 1531 451 1594; x_wconf 92' lang='lat' dir='ltr'><strong>in</strong></span> <span class='ocrx_word' id='word_1_49' title='bbox 474 1551 578 1608; x_wconf 92' lang='lat' dir='ltr'><strong>sensu,</strong></span> <span class='ocrx_word' id='word_1_50' title='bbox 602 1530 834 1594; x_wconf 86' lang='lat' dir='ltr'><strong>commoditate</strong></span> <span class='ocrx_word' id='word_1_51' title='bbox 856 1530 970 1594; x_wconf 88' lang='lat' dir='ltr'><strong>minor.</strong></span> 
     </span>
     <span class='ocr_line' id='line_1_9' title="bbox 214 1635 1035 1722; baseline -0.001 -22"><span class='ocrx_word' id='word_1_52' title='bbox 214 1636 354 1702; x_wconf 88' lang='lat' dir='ltr'><strong>Arteriis</strong></span> <span class='ocrx_word' id='word_1_53' title='bbox 377 1659 474 1701; x_wconf 91' lang='lat' dir='ltr'><strong>sonus</strong></span> <span class='ocrx_word' id='word_1_54' title='bbox 497 1637 662 1720; x_wconf 84' lang='lat' dir='ltr'><strong>egreditur</strong></span> <span class='ocrx_word' id='word_1_55' title='bbox 683 1657 887 1722; x_wconf 91' lang='lat' dir='ltr'><strong>vacuumque</strong></span> <span class='ocrx_word' id='word_1_56' title='bbox 910 1635 1035 1720; x_wconf 87' lang='lat' dir='ltr'><strong>repellit</strong></span> 
     </span>
     <span class='ocr_line' id='line_1_10' title="bbox 257 1742 930 1826; baseline -0.001 -19"><span class='ocrx_word' id='word_1_57' title='bbox 257 1743 356 1808; x_wconf 73' lang='lat' dir='ltr'><strong>Aera.</strong></span> <span class='ocrx_word' id='word_1_58' title='bbox 400 1763 570 1826; x_wconf 89' lang='lat' dir='ltr'><strong>percussus</strong></span> <span class='ocrx_word' id='word_1_59' title='bbox 592 1745 731 1826; x_wconf 87' lang='lat' dir='ltr'><strong>percutit</strong></span> <span class='ocrx_word' id='word_1_60' title='bbox 753 1742 803 1806; x_wconf 92' lang='lat' dir='ltr'><strong>ille</strong></span> <span class='ocrx_word' id='word_1_61' title='bbox 826 1742 930 1821; x_wconf 91' lang='lat' dir='ltr'><strong>alium,</strong></span> 
     </span>
     <span class='ocr_line' id='line_1_11' title="bbox 213 1849 969 1933; baseline -0.004 -18"><span class='ocrx_word' id='word_1_62' title='bbox 213 1852 328 1915; x_wconf 89' lang='lat' dir='ltr'><strong>Donec</strong></span> <span class='ocrx_word' id='word_1_63' title='bbox 351 1851 393 1913; x_wconf 91' lang='lat' dir='ltr'><strong>ad</strong></span> <span class='ocrx_word' id='word_1_64' title='bbox 416 1850 566 1933; x_wconf 87' lang='lat' dir='ltr'><strong>expletos</strong></span> <span class='ocrx_word' id='word_1_65' title='bbox 588 1850 732 1933; x_wconf 90' lang='lat' dir='ltr'><strong>elanguit</strong></span> <span class='ocrx_word' id='word_1_66' title='bbox 754 1850 866 1914; x_wconf 94' lang='lat' dir='ltr'><strong>ultima</strong></span> <span class='ocrx_word' id='word_1_67' title='bbox 888 1849 969 1914; x_wconf 89' lang='lat' dir='ltr'><strong>fines</strong></span> 
     </span>
     <span class='ocr_line' id='line_1_12' title="bbox 257 1957 895 2040; baseline -0.003 -19"><span class='ocrx_word' id='word_1_68' title='bbox 257 1957 362 2021; x_wconf 91' lang='lat' dir='ltr'><strong>Motio</strong></span> <span class='ocrx_word' id='word_1_69' title='bbox 386 1978 445 2040; x_wconf 91' lang='lat' dir='ltr'><strong>per</strong></span> <span class='ocrx_word' id='word_1_70' title='bbox 467 1965 589 2020; x_wconf 87' lang='lat' dir='ltr'><strong>tractus</strong></span> <span class='ocrx_word' id='word_1_71' title='bbox 612 1966 789 2021; x_wconf 86' lang='lat' dir='ltr'><strong>extenuata</strong></span> <span class='ocrx_word' id='word_1_72' title='bbox 811 1977 895 2020; x_wconf 92' lang='lat' dir='ltr'><strong>suos.</strong></span> 
     </span>
     <span class='ocr_line' id='line_1_13' title="bbox 212 2063 1085 2146; baseline -0.001 -19"><span class='ocrx_word' id='word_1_73' title='bbox 212 2063 283 2129; x_wconf 91' lang='lat' dir='ltr'><strong>Aer</strong></span> <span class='ocrx_word' id='word_1_74' title='bbox 305 2065 483 2141; x_wconf 85' lang='lat' dir='ltr'><strong>materiam,</strong></span> <span class='ocrx_word' id='word_1_75' title='bbox 506 2063 643 2128; x_wconf 87' lang='lat' dir='ltr'><strong>sormam</strong></span> <span class='ocrx_word' id='word_1_76' title='bbox 665 2064 877 2128; x_wconf 90' lang='lat' dir='ltr'><strong>instrumenta</strong></span> <span class='ocrx_word' id='word_1_77' title='bbox 900 2063 1085 2146; x_wconf 87' lang='lat' dir='ltr'><strong>resignant:</strong></span> 
     </span>
     <span class='ocr_line' id='line_1_14' title="bbox 256 2164 1004 2254; baseline -0.003 -19"><span class='ocrx_word' id='word_1_78' title='bbox 256 2171 341 2235; x_wconf 91' lang='lat' dir='ltr'><strong>Hinc</strong></span> <span class='ocrx_word' id='word_1_79' title='bbox 363 2169 446 2235; x_wconf 89' lang='lat' dir='ltr'><strong>illinc</strong></span> <span class='ocrx_word' id='word_1_80' title='bbox 468 2164 611 2254; x_wconf 89' lang='lat' dir='ltr'><strong>speciem</strong></span> <span class='ocrx_word' id='word_1_81' title='bbox 634 2171 723 2234; x_wconf 89' lang='lat' dir='ltr'><strong>vocis</strong></span> <span class='ocrx_word' id='word_1_82' title='bbox 746 2180 780 2234; x_wconf 93' lang='lat' dir='ltr'><strong>et</strong></span> <span class='ocrx_word' id='word_1_83' title='bbox 803 2191 873 2234; x_wconf 91' lang='lat' dir='ltr'><strong>esse</strong></span> <span class='ocrx_word' id='word_1_84' title='bbox 896 2169 1004 2234; x_wconf 90' lang='lat' dir='ltr'><strong>trahit.</strong></span> 
     </span>
     <span class='ocr_line' id='line_1_15' title="bbox 210 2277 1144 2362; baseline -0.001 -20"><span class='ocrx_word' id='word_1_85' title='bbox 210 2277 340 2362; x_wconf 87' lang='lat' dir='ltr'><strong>Lingua</strong></span> <span class='ocrx_word' id='word_1_86' title='bbox 362 2298 460 2341; x_wconf 91' lang='lat' dir='ltr'><strong>sonos</strong></span> <span class='ocrx_word' id='word_1_87' title='bbox 483 2278 555 2342; x_wconf 84' lang='lat' dir='ltr'><strong>ferit</strong></span> <span class='ocrx_word' id='word_1_88' title='bbox 577 2279 610 2342; x_wconf 92' lang='lat' dir='ltr'><strong>in</strong></span> <span class='ocrx_word' id='word_1_89' title='bbox 632 2277 769 2342; x_wconf 87' lang='lat' dir='ltr'><strong>lormam</strong></span> <span class='ocrx_word' id='word_1_90' title='bbox 791 2277 947 2360; x_wconf 92' lang='lat' dir='ltr'><strong>vocisque</strong></span> <span class='ocrx_word' id='word_1_91' title='bbox 969 2284 1144 2355; x_wconf 82' lang='lat' dir='ltr'><strong>monetam,</strong></span> 
     </span>
     <span class='ocr_line' id='line_1_16' title="bbox 257 2383 997 2467; baseline 0 -19"><span class='ocrx_word' id='word_1_92' title='bbox 257 2386 300 2450; x_wconf 92' lang='lat' dir='ltr'><strong>Et</strong></span> <span class='ocrx_word' id='word_1_93' title='bbox 321 2407 396 2449; x_wconf 90' lang='lat' dir='ltr'><strong>suus</strong></span> <span class='ocrx_word' id='word_1_94' title='bbox 419 2385 493 2448; x_wconf 95' lang='lat' dir='ltr'><strong>huic</strong></span> <span class='ocrx_word' id='word_1_95' title='bbox 516 2385 607 2467; x_wconf 92' lang='lat' dir='ltr'><strong>operi</strong></span> <span class='ocrx_word' id='word_1_96' title='bbox 630 2383 762 2450; x_wconf 92' lang='lat' dir='ltr'><strong>malleus</strong></span> <span class='ocrx_word' id='word_1_97' title='bbox 784 2405 855 2448; x_wconf 90' lang='lat' dir='ltr'><strong>esse</strong></span> <span class='ocrx_word' id='word_1_98' title='bbox 878 2392 997 2466; x_wconf 91' lang='lat' dir='ltr'><strong>potest.</strong></span> 
     </span>
     <span class='ocr_line' id='line_1_17' title="bbox 212 2491 893 2558; baseline -0.006 -1"><span class='ocrx_word' id='word_1_99' title='bbox 212 2493 334 2558; x_wconf 86' lang='lat' dir='ltr'><strong>Officiis</strong></span> <span class='ocrx_word' id='word_1_100' title='bbox 356 2492 495 2556; x_wconf 84' lang='lat' dir='ltr'><strong>formata</strong></span> <span class='ocrx_word' id='word_1_101' title='bbox 517 2492 580 2556; x_wconf 89' lang='lat' dir='ltr'><strong>suis</strong></span> <span class='ocrx_word' id='word_1_102' title='bbox 602 2491 781 2556; x_wconf 87' lang='lat' dir='ltr'><strong>substantia</strong></span> <span class='ocrx_word' id='word_1_103' title='bbox 803 2491 893 2557; x_wconf 89' lang='lat' dir='ltr'><strong>vocis</strong></span> 
     </span>
     <span class='ocr_line' id='line_1_18' title="bbox 255 2598 884 2682; baseline -0.002 -19"><span class='ocrx_word' id='word_1_104' title='bbox 255 2599 312 2663; x_wconf 94' lang='lat' dir='ltr'><strong>Ad</strong></span> <span class='ocrx_word' id='word_1_105' title='bbox 335 2599 460 2682; x_wconf 87' lang='lat' dir='ltr'><strong>patulas</strong></span> <span class='ocrx_word' id='word_1_106' title='bbox 482 2620 575 2663; x_wconf 90' lang='lat' dir='ltr'><strong>aures</strong></span> <span class='ocrx_word' id='word_1_107' title='bbox 598 2598 764 2664; x_wconf 88' lang='lat' dir='ltr'><strong>articulata</strong></span> <span class='ocrx_word' id='word_1_108' title='bbox 785 2599 884 2663; x_wconf 81' lang='lat' dir='ltr'><strong>veuit</strong></span> 
     </span>
     <span class='ocr_line' id='line_1_19' title="bbox 210 2705 956 2790; baseline -0.004 -19"><span class='ocrx_word' id='word_1_109' title='bbox 210 2706 371 2771; x_wconf 89' lang='lat' dir='ltr'><strong>Auriculis</strong></span> <span class='ocrx_word' id='word_1_110' title='bbox 394 2707 471 2790; x_wconf 93' lang='lat' dir='ltr'><strong>quia</strong></span> <span class='ocrx_word' id='word_1_111' title='bbox 493 2706 652 2772; x_wconf 90' lang='lat' dir='ltr'><strong>vestibulo</strong></span> <span class='ocrx_word' id='word_1_112' title='bbox 674 2714 826 2789; x_wconf 90' lang='lat' dir='ltr'><strong>suscepta</strong></span> <span class='ocrx_word' id='word_1_113' title='bbox 848 2705 956 2788; x_wconf 89' lang='lat' dir='ltr'><strong>priore</strong></span> 
     </span>
     <span class='ocr_line' id='line_1_20' title="bbox 254 2813 978 2880; baseline -0.003 -2"><span class='ocrx_word' id='word_1_114' title='bbox 254 2815 335 2878; x_wconf 88' lang='lat' dir='ltr'><strong>Vox</strong></span> <span class='ocrx_word' id='word_1_115' title='bbox 357 2823 451 2878; x_wconf 92' lang='lat' dir='ltr'><strong>sonat</strong></span> <span class='ocrx_word' id='word_1_116' title='bbox 474 2823 507 2879; x_wconf 88' lang='lat' dir='ltr'><strong>et</strong></span> <span class='ocrx_word' id='word_1_117' title='bbox 529 2814 665 2880; x_wconf 89' lang='lat' dir='ltr'><strong>trahitur</strong></span> <span class='ocrx_word' id='word_1_118' title='bbox 687 2814 838 2878; x_wconf 89' lang='lat' dir='ltr'><strong>interiore</strong></span> <span class='ocrx_word' id='word_1_119' title='bbox 860 2813 978 2877; x_wconf 84' lang='lat' dir='ltr'><strong>domo:</strong></span> 
     </span>
     <span class='ocr_line' id='line_1_21' title="bbox 211 2919 1031 3004; baseline -0.001 -19"><span class='ocrx_word' id='word_1_120' title='bbox 211 2919 378 2985; x_wconf 90' lang='lat' dir='ltr'><strong>Sermonis</strong></span> <span class='ocrx_word' id='word_1_121' title='bbox 400 2941 552 2984; x_wconf 87' lang='lat' dir='ltr'><strong>numeros</strong></span> <span class='ocrx_word' id='word_1_122' title='bbox 575 2930 735 3004; x_wconf 89' lang='lat' dir='ltr'><strong>extraque</strong></span> <span class='ocrx_word' id='word_1_123' title='bbox 757 2921 906 2983; x_wconf 87' lang='lat' dir='ltr'><strong>sonantia</strong></span> <span class='ocrx_word' id='word_1_124' title='bbox 928 2919 1031 2984; x_wconf 89' lang='lat' dir='ltr'><strong>verba</strong></span> 
     </span>
     <span class='ocr_line' id='line_1_22' title="bbox 255 3027 878 3110; baseline -0.002 -19"><span class='ocrx_word' id='word_1_125' title='bbox 255 3027 365 3104; x_wconf 76' lang='lat' dir='ltr'><strong>Auris</strong></span> <span class='ocrx_word' id='word_1_126' title='bbox 388 3028 446 3090; x_wconf 90' lang='lat' dir='ltr'><strong>sed</strong></span> <span class='ocrx_word' id='word_1_127' title='bbox 469 3027 551 3091; x_wconf 89' lang='lat' dir='ltr'><strong>ratio</strong></span> <span class='ocrx_word' id='word_1_128' title='bbox 575 3027 757 3110; x_wconf 85' lang='lat' dir='ltr'><strong>significata</strong></span> <span class='ocrx_word' id='word_1_129' title='bbox 782 3028 878 3110; x_wconf 88' lang='lat' dir='ltr'><strong>capit.</strong></span> 
     </span>
     <span class='ocr_line' id='line_1_23' title="bbox 211 3132 1185 3218; baseline 0 -20"><span class='ocrx_word' id='word_1_130' title='bbox 211 3132 311 3216; x_wconf 98' lang='lat' dir='ltr'><strong>Quod</strong></span> <span class='ocrx_word' id='word_1_131' title='bbox 334 3133 418 3211; x_wconf 78' lang='lat' dir='ltr'><strong>ioriS,</strong></span> <span class='ocrx_word' id='word_1_132' title='bbox 442 3134 568 3198; x_wconf 89' lang='lat' dir='ltr'><strong>auditus</strong></span> <span class='ocrx_word' id='word_1_133' title='bbox 591 3136 759 3218; x_wconf 69' lang='lat' dir='ltr'><strong>interpres</strong></span> <span class='ocrx_word' id='word_1_134' title='bbox 782 3133 892 3217; x_wconf 87' lang='lat' dir='ltr'><strong>lingua</strong></span> <span class='ocrx_word' id='word_1_135' title='bbox 915 3133 1004 3217; x_wconf 95' lang='lat' dir='ltr'><strong>quod</strong></span> <span class='ocrx_word' id='word_1_136' title='bbox 1028 3133 1113 3198; x_wconf 89' lang='lat' dir='ltr'><strong>intus</strong></span> <span class='ocrx_word' id='word_1_137' title='bbox 1136 3142 1185 3198; x_wconf 88' lang='lat' dir='ltr'><strong>est</strong></span> 
     </span>
     <span class='ocr_line' id='line_1_24' title="bbox 254 3241 1027 3325; baseline -0.001 -20"><span class='ocrx_word' id='word_1_138' title='bbox 254 3242 423 3318; x_wconf 90' lang='lat' dir='ltr'><strong>Monstrat,</strong></span> <span class='ocrx_word' id='word_1_139' title='bbox 447 3250 480 3305; x_wconf 93' lang='lat' dir='ltr'><strong>et</strong></span> <span class='ocrx_word' id='word_1_140' title='bbox 503 3241 630 3306; x_wconf 89' lang='lat' dir='ltr'><strong>alterius</strong></span> <span class='ocrx_word' id='word_1_141' title='bbox 652 3241 795 3325; x_wconf 91' lang='lat' dir='ltr'><strong>postulat</strong></span> <span class='ocrx_word' id='word_1_142' title='bbox 817 3241 900 3305; x_wconf 92' lang='lat' dir='ltr'><strong>alter</strong></span> <span class='ocrx_word' id='word_1_143' title='bbox 921 3261 1027 3323; x_wconf 90' lang='lat' dir='ltr'><strong>opem.</strong></span> 
     </span>
     <span class='ocr_line' id='line_1_25' title="bbox 209 3347 990 3434; baseline -0.001 -22"><span class='ocrx_word' id='word_1_144' title='bbox 209 3347 341 3412; x_wconf 88' lang='lat' dir='ltr'><strong>Tortilis</strong></span> <span class='ocrx_word' id='word_1_145' title='bbox 363 3356 412 3411; x_wconf 91' lang='lat' dir='ltr'><strong>est</strong></span> <span class='ocrx_word' id='word_1_146' title='bbox 435 3349 526 3425; x_wconf 80' lang='lat' dir='ltr'><strong>auriS,</strong></span> <span class='ocrx_word' id='word_1_147' title='bbox 550 3369 591 3412; x_wconf 88' lang='lat' dir='ltr'><strong>ne</strong></span> <span class='ocrx_word' id='word_1_148' title='bbox 614 3349 745 3434; x_wconf 91' lang='lat' dir='ltr'><strong>quando</strong></span> <span class='ocrx_word' id='word_1_149' title='bbox 768 3356 912 3412; x_wconf 90' lang='lat' dir='ltr'><strong>transeat</strong></span> <span class='ocrx_word' id='word_1_150' title='bbox 935 3367 990 3412; x_wconf 87' lang='lat' dir='ltr'><strong>aer</strong></span> 
     </span>
     <span class='ocr_line' id='line_1_26' title="bbox 254 3455 916 3537; baseline -0.002 -19"><span class='ocrx_word' id='word_1_151' title='bbox 254 3456 403 3537; x_wconf 87' lang='lat' dir='ltr'><strong>Frigidus</strong></span> <span class='ocrx_word' id='word_1_152' title='bbox 426 3455 469 3518; x_wconf 93' lang='lat' dir='ltr'><strong>ad</strong></span> <span class='ocrx_word' id='word_1_153' title='bbox 492 3455 662 3520; x_wconf 90' lang='lat' dir='ltr'><strong>cerebrum</strong></span> <span class='ocrx_word' id='word_1_154' title='bbox 683 3455 833 3518; x_wconf 89' lang='lat' dir='ltr'><strong>liberiore</strong></span> <span class='ocrx_word' id='word_1_155' title='bbox 855 3455 916 3518; x_wconf 87' lang='lat' dir='ltr'><strong>via.</strong></span> 
     </span>
     <span class='ocr_line' id='line_1_27' title="bbox 209 3560 991 3644; baseline 0 -18"><span class='ocrx_word' id='word_1_156' title='bbox 209 3562 334 3626; x_wconf 89' lang='lat' dir='ltr'><strong>Natura</strong></span> <span class='ocrx_word' id='word_1_157' title='bbox 356 3560 495 3626; x_wconf 89' lang='lat' dir='ltr'><strong>invalido</strong></span> <span class='ocrx_word' id='word_1_158' title='bbox 517 3563 630 3639; x_wconf 92' lang='lat' dir='ltr'><strong>timuit,</strong></span> <span class='ocrx_word' id='word_1_159' title='bbox 653 3563 800 3626; x_wconf 89' lang='lat' dir='ltr'><strong>sinuosus</strong></span> <span class='ocrx_word' id='word_1_160' title='bbox 822 3561 864 3624; x_wconf 91' lang='lat' dir='ltr'><strong>ad</strong></span> <span class='ocrx_word' id='word_1_161' title='bbox 887 3561 991 3644; x_wconf 93' lang='lat' dir='ltr'><strong>ipsum</strong></span> 
     </span>
     <span class='ocr_line' id='line_1_28' title="bbox 254 3668 906 3733; baseline 0.002 -1"><span class='ocrx_word' id='word_1_162' title='bbox 254 3669 424 3733; x_wconf 88' lang='lat' dir='ltr'><strong>Transitus</strong></span> <span class='ocrx_word' id='word_1_163' title='bbox 447 3669 581 3733; x_wconf 90' lang='lat' dir='ltr'><strong>obtorto</strong></span> <span class='ocrx_word' id='word_1_164' title='bbox 604 3668 703 3733; x_wconf 89' lang='lat' dir='ltr'><strong>limite</strong></span> <span class='ocrx_word' id='word_1_165' title='bbox 725 3669 815 3733; x_wconf 93' lang='lat' dir='ltr'><strong>ducit</strong></span> <span class='ocrx_word' id='word_1_166' title='bbox 837 3669 906 3733; x_wconf 87' lang='lat' dir='ltr'><strong>iter.</strong></span> 
     </span>
     <span class='ocr_line' id='line_1_29' title="bbox 211 3773 1157 3861; baseline 0 -21"><span class='ocrx_word' id='word_1_167' title='bbox 211 3776 373 3861; x_wconf 84' lang='lat' dir='ltr'><strong>Quicquid</strong></span> <span class='ocrx_word' id='word_1_168' title='bbox 395 3777 503 3842; x_wconf 90' lang='lat' dir='ltr'><strong>Roma</strong></span> <span class='ocrx_word' id='word_1_169' title='bbox 525 3776 611 3860; x_wconf 88' lang='lat' dir='ltr'><strong>legit,</strong></span> <span class='ocrx_word' id='word_1_170' title='bbox 635 3776 787 3861; x_wconf 93' lang='lat' dir='ltr'><strong>quicquid</strong></span> <span class='ocrx_word' id='word_1_171' title='bbox 810 3775 972 3842; x_wconf 91' lang='lat' dir='ltr'><strong>studuistis</strong></span> <span class='ocrx_word' id='word_1_172' title='bbox 993 3773 1157 3852; x_wconf 86' lang='lat' dir='ltr'><strong>Athenae,</strong></span> 
     </span>
     <span class='ocr_line' id='line_1_30' title="bbox 255 3880 1032 3967; baseline -0.003 -19"><span class='ocrx_word' id='word_1_173' title='bbox 255 3881 418 3967; x_wconf 87' lang='lat' dir='ltr'><strong>Quicquid</strong></span> <span class='ocrx_word' id='word_1_174' title='bbox 443 3882 595 3948; x_wconf 89' lang='lat' dir='ltr'><strong>Chaldaei</strong></span> <span class='ocrx_word' id='word_1_175' title='bbox 617 3884 780 3967; x_wconf 85' lang='lat' dir='ltr'><strong>dogmatis</strong></span> <span class='ocrx_word' id='word_1_176' title='bbox 802 3883 899 3948; x_wconf 91' lang='lat' dir='ltr'><strong>Indus</strong></span> <span class='ocrx_word' id='word_1_177' title='bbox 922 3880 1032 3960; x_wconf 90' lang='lat' dir='ltr'><strong>habet,</strong></span> 
     </span>
     <span class='ocr_line' id='line_1_31' title="bbox 211 3989 999 4074; baseline 0 -20"><span class='ocrx_word' id='word_1_178' title='bbox 211 3989 372 4074; x_wconf 91' lang='lat' dir='ltr'><strong>Quicquid</strong></span> <span class='ocrx_word' id='word_1_179' title='bbox 395 3989 589 4054; x_wconf 89' lang='lat' dir='ltr'><strong>Aristoteles</strong></span> <span class='ocrx_word' id='word_1_180' title='bbox 611 3990 720 4055; x_wconf 90' lang='lat' dir='ltr'><strong>divino</strong></span> <span class='ocrx_word' id='word_1_181' title='bbox 743 4000 877 4073; x_wconf 90' lang='lat' dir='ltr'><strong>pectore</strong></span> <span class='ocrx_word' id='word_1_182' title='bbox 899 3991 999 4054; x_wconf 89' lang='lat' dir='ltr'><strong>sensit</strong></span> 
     </span>
     <span class='ocr_line' id='line_1_32' title="bbox 255 4095 986 4182; baseline -0.001 -21"><span class='ocrx_word' id='word_1_183' title='bbox 255 4095 401 4182; x_wconf 90' lang='lat' dir='ltr'><strong>Cumque</strong></span> <span class='ocrx_word' id='word_1_184' title='bbox 423 4097 604 4161; x_wconf 89' lang='lat' dir='ltr'><strong>Platonistis</strong></span> <span class='ocrx_word' id='word_1_185' title='bbox 626 4096 835 4180; x_wconf 90' lang='lat' dir='ltr'><strong>Pythagorea</strong></span> <span class='ocrx_word' id='word_1_186' title='bbox 858 4097 986 4174; x_wconf 87' lang='lat' dir='ltr'><strong>cohors,</strong></span> 
     </span>
     <span class='ocr_line' id='line_1_33' title="bbox 212 4201 998 4288; baseline 0.003 -22"><span class='ocrx_word' id='word_1_187' title='bbox 212 4201 373 4287; x_wconf 88' lang='lat' dir='ltr'><strong>Quicquid</strong></span> <span class='ocrx_word' id='word_1_188' title='bbox 396 4205 438 4268; x_wconf 89' lang='lat' dir='ltr'><strong>ad</strong></span> <span class='ocrx_word' id='word_1_189' title='bbox 461 4203 614 4268; x_wconf 90' lang='lat' dir='ltr'><strong>elenchos</strong></span> <span class='ocrx_word' id='word_1_190' title='bbox 637 4214 753 4287; x_wconf 89' lang='lat' dir='ltr'><strong>arguto</strong></span> <span class='ocrx_word' id='word_1_191' title='bbox 777 4205 918 4288; x_wconf 88' lang='lat' dir='ltr'><strong>disputat</strong></span> <span class='ocrx_word' id='word_1_192' title='bbox 941 4225 998 4269; x_wconf 90' lang='lat' dir='ltr'><strong>ore</strong></span> 
     </span>
     <span class='ocr_line' id='line_1_34' title="bbox 257 4310 995 4396; baseline -0.003 -19"><span class='ocrx_word' id='word_1_193' title='bbox 257 4310 366 4377; x_wconf 91' lang='lat' dir='ltr'><strong>Gallus</strong></span> <span class='ocrx_word' id='word_1_194' title='bbox 389 4320 422 4377; x_wconf 90' lang='lat' dir='ltr'><strong>et</strong></span> <span class='ocrx_word' id='word_1_195' title='bbox 445 4313 477 4375; x_wconf 91' lang='lat' dir='ltr'><strong>in</strong></span> <span class='ocrx_word' id='word_1_196' title='bbox 500 4312 626 4378; x_wconf 87' lang='lat' dir='ltr'><strong>medica</strong></span> <span class='ocrx_word' id='word_1_197' title='bbox 649 4312 771 4390; x_wconf 87' lang='lat' dir='ltr'><strong>iactitat</strong></span> <span class='ocrx_word' id='word_1_198' title='bbox 794 4320 864 4376; x_wconf 89' lang='lat' dir='ltr'><strong>arte</strong></span> <span class='ocrx_word' id='word_1_199' title='bbox 886 4311 995 4396; x_wconf 90' lang='lat' dir='ltr'><strong>Ligus,</strong></span> 
     </span>
     <span class='ocr_line' id='line_1_35' title="bbox 1077 4413 1111 4486; baseline 0 -36"><span class='ocrx_word' id='word_1_200' title='bbox 1077 4413 1111 4486; x_wconf 57' lang='lat'><strong>⁵*</strong></span> 
     </span>
    </p>
   </div>
   <div class='ocr_carea' id='block_1_4' title="bbox 1250 731 1344 864">
    <p class='ocr_par' dir='ltr' id='par_1_6' title="bbox 1250 731 1344 864">
     <span class='ocr_line' id='line_1_36' title="bbox 1250 731 1344 864; baseline 0 -128"><span class='ocrx_word' id='word_1_201' title='bbox 1250 731 1344 864; x_wconf 45' lang='lat'><strong>‘4⁵</strong></span> 
     </span>
    </p>
   </div>
   <div class='ocr_carea' id='block_1_5' title="bbox 1301 2063 1339 2132">
    <p class='ocr_par' dir='ltr' id='par_1_7' title="bbox 1301 2063 1339 2132">
     <span class='ocr_line' id='line_1_37' title="bbox 1301 2063 1339 2132; baseline 0 0"><span class='ocrx_word' id='word_1_202' title='bbox 1301 2063 1339 2132; x_wconf 82' lang='lat'><strong>55</strong></span> 
     </span>
    </p>
   </div>
   <div class='ocr_carea' id='block_1_6' title="bbox 0 0 1528 4998">
    <p class='ocr_par' dir='ltr' id='par_1_8' title="bbox 0 0 1528 4998">
     <span class='ocr_line' id='line_1_38' title="bbox 0 0 1528 4998; baseline 0 1"><span class='ocrx_word' id='word_1_203' title='bbox 0 0 1528 4998; x_wconf 95' lang='lat' dir='ltr'><strong> </strong></span> 
     </span>
    </p>
   </div>
  </div>
 </body>
</html>
