3020 4986
108 622 217 688 Mirari
238 621 319 687 libet
340 621 372 686 in
395 619 486 686 caelo
508 619 648 684 stabilita
670 617 848 703 profundae

150 731 272 795 Mentis
294 739 327 795 et
349 737 498 813 argutum
520 727 755 814 primipotentis
776 747 868 810 opus.

108 835 183 921 Quo
206 839 313 902 iacent
333 845 439 901 tractu
461 836 541 900 caeli
563 835 707 899 cinctura
729 833 827 899 coluri

153 946 271 1010 Vincla
293 942 434 1027 paralleli
455 944 556 1008 robur
576 950 711 1027 uterque
733 941 836 1024 polus.

109 1051 248 1136 Signifer
270 1050 419 1116 obtortus
444 1071 549 1135 neque
572 1048 662 1113 caelo
685 1056 776 1113 recta
796 1047 924 1131 galaxe‚

152 1159 299 1242 Qualiter
321 1157 430 1222 inflexi
453 1157 662 1241 dispositique
684 1154 767 1219 locu.

109 1266 207 1350 Quod
229 1266 361 1349 tropicis
384 1272 538 1329 contenta
560 1263 624 1328 suis
645 1261 698 1327 via
720 1261 795 1327 solis
818 1270 851 1326 et
872 1261 955 1326 ultra

150 1374 331 1457 Legitimos
353 1371 434 1436 fines
456 1370 622 1454 expatiata
644 1369 731 1434 nihil.

110 1479 207 1563 Quod
229 1501 336 1564 neque
358 1478 530 1562 perlustret
552 1475 677 1562 aequali
698 1475 818 1541 lumine
838 1484 950 1555 terras,

152 1585 244 1671 Quas
266 1608 363 1670 super
385 1587 518 1651 obtorto
540 1583 640 1648 limite
662 1583 750 1648 ducit
771 1584 840 1648 iter.

109 1695 151 1758 Et
173 1693 261 1780 quod
283 1693 439 1758 Phrixeus
461 1692 543 1756 aries
565 1699 725 1755 nocturna
745 1691 865 1754 diurnis

150 1801 316 1885 Tempora
336 1799 486 1864 iustificat
506 1797 751 1883 aequidiemque
772 1797 856 1861 facit.

110 1905 207 1991 Quod
229 1907 380 1972 tenebras
403 1904 534 1970 abolere
556 1905 608 1994 die
629 1904 791 1989 rebusque
814 1902 955 1969 colorem

152 2016 196 2079 Et
217 2014 308 2078 caelo
330 2014 473 2096 speeiem
498 2011 634 2076 reddere
656 2011 731 2076 solis
753 2032 846 2094 opus.

111 2119 207 2204 Quod
230 2120 449 2185 consectatrix
471 2118 611 2204 solisque
633 2118 827 2203 pedissequa
848 2117 923 2182 luna

151 2227 207 2312 ¹Sic
229 2237 357 2292 terrena
378 2235 489 2291 movet
511 2245 657 2308 corpora,
680 2224 762 2289 sicut
783 2246 894 2310 aquas.

111 2333 279 2399 Artificem
301 2342 420 2398 testata
441 2353 533 2396 suum
553 2330 769 2416 pulcherrima
791 2353 897 2396 rerum

152 2441 305 2506 Machina
326 2441 368 2504 de
389 2439 493 2504 forma
514 2440 713 2524 materiaque
734 2438 851 2522 placet.

111 2545 206 2630 Quod
228 2548 360 2612 meliore
382 2546 458 2632 polo
480 2546 592 2611 melius
614 2555 741 2610 morata
764 2547 946 2632 relinquunt

154 2653 275 2733 Sidera,
297 2653 451 2738 paulatim
473 2655 693 2738 degenerante
714 2652 804 2718 loco:

111 2761 260 2827 Deiectus
283 2761 453 2846 fluxusque
475 2762 523 2825 sui
544 2761 670 2825 ratione
692 2760 878 2839 timendum,

154 2867 314 2955 Quicquid
337 2869 397 2934 sub
421 2867 511 2933 caelo
534 2868 711 2932 turbidiore
733 2868 826 2932 iacet.

111 2977 178 3042 Hac
199 2977 296 3060 igitur
317 2977 451 3059 regione
473 2975 539 3059 poli
561 2975 686 3041 Natura
708 2975 859 3040 resistens

150 3083 237 3148 Fixit
259 3083 301 3148 ad
324 3091 474 3166 aspectus
495 3081 614 3146 lumina
636 3091 726 3147 certa
748 3103 860 3148 novos.

193 3384 265 3452 Vll
291 3348 342 3456 In
363 3389 465 3458 lunari
486 3391 572 3457 enim
593 3391 700 3470 limite,
720 3391 776 3456 ubi
798 3411 914 3457 aureae
936 3390 1059 3455 homini
1074 3394 1165 3476 quasi

110 3500 262 3565 medietas
285 3507 334 3565 est
356 3508 498 3577 catenae,
521 3500 694 3583 superioris
716 3498 935 3583 inferiorisque
952 3499 1062 3564 mundi
1077 3499 1165 3564 vide·

109 3605 178 3672 licet
199 3606 375 3684 umbilicus,
406 3605 574 3689 spirituum
605 3625 756 3670 numems
786 3605 828 3671 ad
851 3605 941 3692 milia*
960 3606 1164 3672 circumfusus

110 3713 284 3797 populosae
306 3733 397 3776 more
419 3713 555 3778 civitatis
577 3712 789 3777 laetabundus
811 3713 960 3778 occurrit.
1005 3713 1062 3778 Ad
1085 3733 1165 3799 quo·

111 3841 171 3885 rum
186 3818 421 3884 multitudinem
436 3819 620 3905 formasque
634 3818 800 3884 dissimiles
816 3839 890 3884 cum
910 3819 1025 3884 defixis
1039 3820 1164 3885 Natura
1187 3822 1203 3891 5

110 3926 357 4012 irrevocatisque
371 3925 542 3994 luminibus
556 3925 754 3992 inhaereret:
776 3927 894 4006 Nosce,
917 3927 1019 4013 inquit
1033 3928 1163 3994 Urania

110 4054 211 4120 neque
242 4035 328 4100 enim
360 4034 554 4099 conveniens
585 4043 642 4112 est,
673 4042 710 4098 ut
737 4034 862 4100 Natura
893 4033 1027 4114 dubitet,
1056 4053 1163 4100 rerum

110 4144 294 4224 prudentior
324 4142 518 4226 indagatrix.
571 4142 689 4220 Nosce,
722 4142 860 4227 inquam,
892 4163 913 4207 o
943 4142 1078 4221 Natura,
1109 4142 1163 4227 qui

109 4250 232 4332 spiritus
264 4259 298 4314 et
327 4271 411 4335 quae
442 4269 553 4315 eorum
584 4249 765 4314 differentia
796 4249 987 4336 quantisque
1017 4249 1163 4314 locorum

111 4356 360 4424 distinctionibus
388 4377 557 4445 supremae
584 4357 725 4423 serviant
751 4355 913 4442 potestati.
944 4393 988 4410 -
1020 4355 1162 4444 Caelum,
1187 4373 1228 4430 10
