2978 4990
320 387 367 452 62

261 617 264 621 .
321 573 433 629 secuta
461 564 668 649 deplanatum
697 565 822 649 iterque
851 564 988 629 liberum
1010 564 1201 629 decucurrit.
1248 563 1396 647 Opificis

321 672 468 755 Deiquae
497 681 718 754 praecesserat
750 671 928 754 diligentia,
965 671 1079 735 silvam
1111 672 1288 736 edocuerat
1323 672 1395 733 iam

320 798 356 840 se
387 779 584 856 submittere,
615 779 680 841 iam
710 798 836 860 parere.
889 778 1109 842 Promiscuam
1139 786 1311 842 revocarat
1349 797 1397 840 ex
1463 811 1470 822 ι

256 899 300 949 20
321 883 460 962 turbid0,
489 883 734 948 tumultuantem
765 905 785 948 a
813 883 924 968 litigio,
953 885 1127 968 splendore
1156 885 1312 949 vestierat
1345 883 1396 947 in·

280 1077 281 1080 ¹
321 989 463 1073 politam.
501 989 711 1055 Conditiones
733 992 873 1074 partium
896 992 929 1054 in
943 991 1105 1077 plerisque
1122 992 1300 1056 contrarias
1317 990 1395 1054 fun·

321 1097 404 1160 datis
426 1098 459 1160 in
488 1117 604 1180 pacem
632 1097 758 1181 legibus
780 1098 1028 1183 foederibusque
1051 1107 1252 1164 conexuerat
1275 1099 1396 1162 incon·

320 1204 426 1268 vulsis.
456 1205 508 1268 Ne
524 1204 602 1288 quid
624 1207 717 1288 vagis
739 1205 850 1270 liceret
872 1207 1044 1285 erroribus,
1067 1207 1233 1271 distinctas
1254 1205 1396 1289 singulis

320 1311 525 1394 praefinierat
548 1313 741 1377 mansiones.
785 1314 822 1377 In
845 1313 894 1376 his
917 1314 1028 1398 utique
1050 1314 1128 1378 nihil
1150 1323 1206 1378 aut
1228 1314 1393 1396 exiguum

255 1419 294 1487 25
320 1427 378 1495 est,
393 1418 481 1503 quod
504 1419 654 1485 obiaceat
676 1422 871 1486 attrectanti.
902 1419 1044 1486 Suberat
1065 1430 1176 1485 tamen
1203 1421 1394 1505 inportuna,

319 1526 418 1591 tacita
445 1526 690 1612 subrepensque
718 1527 817 1593 silvae
848 1529 1023 1593 necessitas
1052 1527 1221 1593 influentis.
1271 1527 1333 1591 Ad
1357 1528 1394 1592 id

319 1632 501 1717 malignans
524 1634 714 1700 intendebat
736 1635 865 1713 illuvies,
888 1644 923 1699 ut
941 1636 1039 1699 divini
1053 1635 1260 1718 splendorem
1276 1635 1394 1718 operis

321 1739 374 1804 vel
402 1739 549 1805 inficeret
576 1741 629 1806 vel
658 1743 837 1807 damnaret.
884 1742 1007 1808 Contra
1029 1742 1144 1826 Physis
1166 1742 1321 1826 invigilat,
1354 1751 1393 1806 ut

320 1855 446 1912 evertat
476 1846 568 1912 huius
597 1850 695 1927 modi,
727 1851 754 1914 si
782 1850 936 1933 possibile
960 1859 1018 1928 est,
1040 1849 1092 1915 vel
1114 1849 1229 1914 saltem
1251 1848 1392 1914 deliniat

254 1956 298 2023 30
319 1953 529 2037 inposturam.
557 1991 602 2007 -
634 1955 692 2020 Ad
714 1956 798 2020 haec
821 1977 895 2022 cum
916 1959 1078 2023 subiceret
1100 1958 1192 2041 operi
1214 1957 1392 2021 materiam

319 2061 490 2139 destinato,
519 2061 667 2127 diffluens
697 2064 774 2147 quid
796 2064 950 2148 eliquavit
980 2065 1012 2128 in
1034 2065 1155 2148 digitos
1177 2073 1211 2128 et
1232 2085 1254 2128 a
1274 2064 1392 2146 specie

319 2187 417 2252 quam
449 2169 632 2233 intenderat
661 2171 777 2234 artifex
805 2171 982 2236 lubricavit.
1034 2170 1177 2236 Obviam
1208 2171 1391 2254 propositis

318 2274 567 2339 inconstantiam
603 2275 718 2360 Physis
755 2277 923 2343 exhorruit
960 2280 1182 2363 effrenemque
1221 2277 1390 2342 licentiam

318 2382 492 2446 execravit.
547 2381 655 2461 Curat,
686 2386 755 2468 agit
789 2393 822 2448 et
853 2395 1036 2468 promovet,
1069 2394 1226 2470 quantum
1258 2385 1391 2450 Natura

252 2492 291 2560 35
317 2491 446 2573 patitur,
468 2489 682 2555 lubricantem
704 2492 855 2571 detineat,
878 2503 1029 2558 coerceat
1052 2495 1249 2558 effluentem.
1287 2494 1388 2558 Prae-

317 2604 408 2662 terea
429 2617 495 2661 non
518 2597 686 2677 elementa,
722 2600 781 2664 sed
804 2600 1037 2666 elementorum
1059 2602 1210 2686 reliquias
1232 2601 1388 2666 aedifica·

317 2704 396 2769 tioni
418 2726 496 2770 suae
518 2706 652 2771 traditas
674 2709 889 2790 recognoscit,
913 2730 994 2793 quas
1017 2710 1128 2794 utique
1151 2709 1193 2773 de
1216 2710 1387 2774 mundana

318 2814 524 2879 concretione
547 2824 711 2879 extremas
733 2825 767 2880 et
789 2817 976 2899 superstites
999 2817 1181 2880 invenisset.
1223 2816 1302 2880 Non
1325 2817 1387 2900 igi·

319 2927 371 2985 tur
392 2942 463 2986 esse
486 2923 518 2986 in
541 2923 658 3006 opifice
680 2924 733 2988 vel
761 2925 867 3007 perito
891 2924 932 2988 de
954 2925 1060 2988 minus
1082 2925 1216 3008 integris
1239 2925 1387 3009 corpori·

251 3046 296 3112 40
317 3028 379 3093 bus
407 3029 460 3093 vel
490 3052 573 3114 opus
601 3031 708 3096 facere
737 3031 790 3095 vel
820 3031 990 3096 absolvere
1013 3041 1280 3096 consummatum
1325 3031 1388 3097 Ad

316 3144 424 3202 tantas
454 3146 586 3222 tamque
617 3139 807 3224 inportunas
838 3137 1041 3204 difficultates
1072 3140 1236 3222 ingenium
1266 3139 1387 3222 Physis

317 3245 525 3310 circumducit
556 3256 715 3331 argutum.
762 3246 829 3312 Sed
851 3249 977 3313 omissis
1007 3248 1215 3332 conpluribus
1245 3248 1288 3312 ad
1315 3269 1387 3314 ma-

316 3353 432 3418 teriam
456 3374 541 3437 quae
563 3354 777 3419 substernitur
798 3357 898 3438 operi,
913 3356 983 3420 visa
1004 3365 1055 3420 est
1077 3377 1252 3422 recursare.
1281 3356 1320 3420 In
1344 3378 1388 3421 ea

315 3458 401 3524 solas
424 3459 657 3526 elementorum
681 3461 918 3545 contemplatur
941 3463 1107 3547 imagines,
1128 3484 1195 3527 non
1211 3464 1386 3528 veritatem

251 3566 293 3649 45
318 3567 360 3632 de
382 3568 511 3652 integro
533 3569 732 3633 substantiae
754 3571 899 3652 purioris.
943 3570 1102 3654 siquidem
1131 3591 1199 3633 non
1222 3569 1387 3634 elementa

317 3694 402 3758 quae
424 3675 594 3758 perficiunt
616 3677 675 3740 sed
698 3677 932 3741 elementorum
961 3678 1045 3741 usias
1067 3677 1243 3741 feculentas
1266 3698 1286 3740 a
1307 3677 1385 3741 sim·

316 3781 452 3864 plicibus
481 3792 515 3848 et
541 3782 691 3867 reliquias
721 3785 910 3868 grossiores.
954 3786 1100 3868 Igneum,
1130 3793 1303 3861 terrenum,
1336 3784 1385 3848 sic

318 3898 427 3954 cetera
448 3911 544 3954 sensu
567 3891 730 3974 grossiore
753 3891 945 3975 contingens
968 3891 1080 3974 plenas
1103 3900 1136 3955 et
1159 3892 1310 3975 integras,
1325 3891 1384 3956 ubi

316 3995 413 4080 plena
438 4007 472 4062 et
498 3998 626 4082 integra
654 4007 737 4075 sunt,
767 4018 880 4062 eorum
910 3999 1072 4081 potentias
1101 3999 1284 4062 arbitratur.
1329 3999 1384 4062 De

252 4099 296 4169 50
317 4102 392 4167 mali
414 4104 502 4188 quod
526 4105 567 4169 ad
589 4103 701 4170 oculos
728 4106 894 4188 praeiacet
919 4105 1129 4171 fundamento
1152 4105 1273 4169 humidi
1296 4105 1383 4182 sicci,

316 4209 469 4276 ferventis
500 4218 534 4276 et
564 4211 668 4296 frigidi
701 4211 872 4297 qualitates
902 4210 1031 4278 eliciens
1060 4222 1116 4278 aut
1144 4210 1298 4294 explicuit
1318 4212 1383 4276 sin-

316 4317 409 4404 gulas
430 4327 487 4385 aut
507 4319 647 4385 sociatas
668 4320 863 4404 permiscuit,
885 4341 1042 4404 magnum
1066 4319 1199 4406 quidem
1222 4319 1312 4404 quod
1335 4320 1382 4384 lu-
