3020 4986
1161 483 1214 556 '35

157 669 257 734 moris
279 669 549 734 mediterraneum
571 689 661 734 mare
683 669 791 734 medio
814 667 932 733 telluris
955 665 1061 732 inludi.
1106 664 1218 750 Quod·

156 798 222 862 que
244 776 319 842 illud
342 786 375 842 et
398 776 568 843 Oceanum
591 777 623 841 in
646 776 798 860 plurimas
822 775 1028 840 distraxerim
1050 775 1218 870 sectiones,
1264 771 1266 774 ’

155 883 344 968 regionibus
367 885 532 968 provisum
556 893 614 962 est,
644 893 679 949 ut
701 883 744 948 ad
767 905 822 948 eas
845 883 950 948 navali
973 882 1142 948 evectione
1164 901 1219 946 ne·

157 993 299 1057 cessaria
328 1001 558 1057 commearent.
603 981 739 1056 Pennati
769 991 898 1074 generis
920 988 1017 1054 turba
1039 987 1220 1053 multicolor

155 1098 311 1182 liquidum
333 1107 441 1164 tranat
457 1106 532 1163 ae'ra
546 1099 688 1182 patentis
710 1098 830 1162 itineris
852 1096 1012 1162 libertate.
1039 1095 1220 1161 Pluviarum
1242 1093 1282 1161 65

154 1205 306 1271 vehicula
320 1215 436 1270 ventos
451 1207 484 1270 in
499 1212 574 1270 aere
593 1205 773 1270 discursare
795 1205 955 1289 praecepi,
977 1212 1013 1269 ut
1027 1201 1220 1288 quibusdam

154 1313 191 1376 in
212 1311 292 1376 locis
314 1313 439 1377 solutae
460 1321 567 1377 terrae
589 1311 738 1396 pulveres
759 1311 946 1376 infecundos
960 1309 1104 1394 pluvialis
1118 1308 1220 1373 humi·

155 1419 241 1484 ditas
265 1418 419 1503 alligaret.
447 1420 642 1485 Vastitatem
658 1420 740 1484 a‘eris
762 1439 916 1483 zonarum
939 1417 1136 1500 inpressione
1158 1416 1221 1481 dis·

154 1526 249 1604 tinxi,
271 1535 307 1590 ut
330 1547 440 1592 earum
464 1526 669 1611 qualitatibus
691 1525 784 1590 tellus
807 1525 935 1590 inferior
957 1525 1162 1589 consentiret

153 1829 196 1894 11.
226 1792 308 1898 Iam
330 1842 454 1897 sectum
476 1853 536 1916 per
557 1832 706 1898 membra
728 1832 837 1911 chaos,
860 1833 925 1898 iam
947 1831 1026 1898 silva
1047 1833 1200 1898 decorem

206 1941 313 2005 Nacta
334 1960 427 2005 suum
449 1959 528 2004 vero
553 1941 684 2005 nomine
705 1939 843 2005 mundus
866 1949 944 2005 erat.

156 2047 196 2114 Si
219 2047 296 2131 quid
319 2047 426 2112 adhuc
448 2049 529 2122 ruris
551 2057 644 2113 vetus
666 2048 855 2131 inportabat
876 2049 979 2132 origo,

205 2154 341 2238 Expulit
363 2153 503 2219 artifices
526 2177 628 2240 usque
651 2165 762 2220 secuta
783 2176 908 2220 manus.

156 2261 204 2327 Et
225 2262 303 2326 nihil
326 2263 515 2327 obtrectans
538 2263 628 2345 operi
651 2282 822 2347 rerumque
844 2261 955 2346 figuris

205 2367 406 2433 Concinnam
429 2389 500 2434 sese
524 2369 784 2454 morigeramque
807 2369 904 2434 dedit.

155 2476 196 2539 In
219 2475 348 2540 laudem
371 2475 545 2561 titulosque
558 2495 667 2557 meos,
689 2475 822 2554 Natura,
845 2497 969 2561 repono

75 2559 80 2577 ²
204 2583 290 2647 Tam
311 2582 398 2648 bene
419 2584 571 2648 materias
594 2583 774 2648 excoluisse
796 2585 924 2649 rudes.

155 2689 277 2754 Induxi
298 2688 399 2756 rebus
421 2690 549 2767 formas,
575 2689 735 2755 elementa
756 2690 855 2774 ligavi

206 2793 412 2861 Concordem
434 2816 568 2862 numero
592 2796 784 2862 conciliante
806 2796 914 2862 fidem.

156 2901 308 2986 Ascripsi
331 2902 439 2986 legem
461 2902 558 2968 stellis
580 2904 719 2989 iussique
741 2903 889 2987 planetas
1002 2937 1005 2946 v

203 3008 436 3074 Indeclinatum
459 3030 587 3077 currere
610 3030 739 3094 semper
761 3011 831 3076 iter.

157 3114 346 3181 Substrinxi
368 3137 458 3182 mare
479 3116 639 3196 limitibus,
662 3139 704 3182 ne
727 3127 814 3182 terra
834 3117 979 3184 labaret:

204 3224 242 3286 In
264 3222 372 3287 medio
395 3223 478 3288 sedit
500 3224 646 3309 pondere
668 3223 737 3289 fixa
759 3246 827 3289 suo.

156 3328 315 3394 Mandavi
337 3329 426 3394 calor
447 3331 617 3396 aethereus
639 3332 835 3414 produceret
856 3331 986 3411 herbas,

204 3433 297 3517 Quas
320 3437 408 3501 calor
430 3437 600 3502 aethereus
623 3439 768 3521 parturit,
791 3439 909 3505 humor
931 3439 1004 3504 alat.

157 3541 309 3626 Corpora
332 3553 449 3609 cuncta
471 3554 559 3610 creet
580 3545 671 3610 tellus
694 3544 900 3631 resolutaque
923 3568 1031 3611 rursus

203 3649 359 3734 Excipiat
380 3650 509 3735 placido
531 3661 636 3716 mater
658 3653 762 3716 amica
784 3653 863 3717 sinu.

156 3757 214 3822 Ex
237 3757 425 3822 endelechia
446 3758 556 3823 mundi
579 3780 631 3824 res
654 3780 803 3845 quaeque
825 3768 937 3824 creata

205 3861 394 3930 Sementem
416 3865 503 3930 vitae
524 3865 781 3952 principiumque
803 3866 921 3932 trahat.

248 4167 411 4326 Hl'Ard
434 4207 684 4315 contemplanda
712 4208 809 4293 igitur
831 4231 915 4295 quae
943 4210 1074 4276 fecerim
1100 4213 1126 4276 si
1155 4211 1221 4277 dili·

160 4336 244 4401 gens
259 4292 463 4400 speculatrlxl
471 4316 617 4394 intendis,
641 4338 680 4380 ea
702 4325 776 4381 sunt
797 4318 908 4383 omnia
923 4337 1061 4403 quorum
1082 4318 1221 4404 figuram

158 4423 304 4509 speciem
332 4423 516 4489 firmitatem
546 4423 783 4489 ordinationem
805 4425 927 4490 debeas
950 4425 1108 4492 admirari.
1153 4425 1220 4493 Sed

1027 4529 1063 4601 3*
