2978 4990
300 367 345 447 64

301 542 503 607 conmetitur.
549 542 613 606 Eas
635 540 704 606 rudi
732 544 869 627 primum
892 543 1090 626 inpressione
1119 543 1152 605 in
1180 541 1368 606 liniamenta

236 672 282 738 90
303 648 459 713 distrahit.
496 648 632 713 subinde
655 648 687 710 in
709 669 783 711 eam
801 668 885 732 quae
907 648 1129 712 membrorum
1152 656 1201 710 est
1222 647 1367 730 speciem

302 754 492 838 configurat.
515 755 655 819 Primam
670 763 776 837 caput,
798 753 974 818 secundam
989 761 1111 836 pectus,
1127 754 1255 818 tertiam
1270 773 1368 816 renes

302 862 344 926 de
366 861 565 945 proprietate
587 881 687 945 quam
709 861 835 925 viderat
857 860 1039 944 appellavit.
1069 860 1139 923 Has
1161 860 1271 945 utique
1294 878 1367 922 cor-

301 968 390 1053 poris
411 977 521 1052 partes
543 968 585 1032 de
606 967 713 1032 multis
734 967 884 1051 singulas,
901 967 942 1031 de
965 966 1189 1031 communibus
1212 975 1367 1050 excepta-

301 1077 348 1140 vit
370 1084 542 1159 angustas:
572 1076 750 1153 cerebrum,
781 1095 846 1152 cor,
879 1097 966 1159 epar,
989 1075 1050 1138 tria
1072 1075 1158 1138 vitae
1180 1072 1369 1137 fundamina

236 1186 276 1274 95
301 1191 514 1266 suscepturas.
557 1183 594 1246 In
624 1183 739 1247 minori
768 1182 889 1246 mundo
918 1182 1051 1246 homine
1073 1179 1187 1264 Physis
1220 1179 1369 1263 intelligit

301 1309 368 1354 non
391 1290 573 1368 errandum,
595 1291 621 1353 si
640 1290 769 1354 maioris
791 1289 901 1354 mundi
916 1288 1164 1353 simulitudinem
1179 1288 1239 1352 sibi
1255 1307 1367 1370 sump-

303 1397 381 1461 serit
402 1397 436 1461 in
458 1397 653 1481 exemplum.
698 1397 736 1461 In
758 1396 810 1460 illo
832 1395 940 1460 subtili
962 1395 1116 1460 mundani
1140 1395 1284 1477 corporis
1307 1413 1367 1477 ap-

302 1512 418 1588 paratu
441 1504 567 1569 caelum
595 1505 723 1588 fastigio
749 1505 968 1589 supereminet
990 1503 1112 1568 altiore.
1157 1501 1237 1580 Aer,
1260 1510 1368 1566 terra:

302 1621 389 1676 terra
418 1611 460 1676 de
490 1611 611 1691 infimo,
639 1635 694 1677 aer
717 1612 888 1676 demedio
912 1611 1156 1676 circumsistunt.
1200 1610 1252 1673 De
1275 1607 1368 1674 caelo

219 1742 283 1794 100
305 1718 408 1784 deitas
430 1720 567 1804 imperat
590 1729 623 1784 et
649 1720 802 1804 disponit.
849 1728 1054 1805 exequuntur
1078 1719 1259 1795 iussionem,
1282 1736 1367 1800 quae

303 1826 337 1890 in
359 1832 434 1890 atre
456 1827 508 1890 vel
530 1827 562 1891 in
584 1828 716 1892 aethere
731 1828 907 1892 mansitant
921 1836 1109 1911 potestates.
1139 1834 1267 1889 terrena
1282 1845 1369 1909 quae

303 1933 473 1998 subiacent
494 1935 724 2017 gubernantur.
758 1937 835 2001 Non
857 1956 949 1999 secus
972 1943 1005 1999 et
1027 1935 1060 1999 in
1081 1932 1215 1998 homine
1236 1941 1369 1996 cautum

304 2049 363 2120 est,
393 2042 557 2127 inperaret
588 2043 695 2106 anima
726 2043 759 2107 in
790 2043 905 2126 capite,
938 2050 1154 2126 exequeretur
1179 2041 1274 2123 vigor
1301 2040 1369 2103 eius

305 2150 495 2216 constitutus
524 2151 558 2213 in
589 2158 731 2234 pectore,
763 2159 952 2234 regerentur
983 2159 1093 2234 partes
1121 2148 1251 2213 infimae
1278 2146 1368 2230 pube

221 2266 279 2336 105
303 2266 398 2323 tenus
429 2266 462 2322 et
490 2257 571 2353 infra
599 2257 786 2322 collocatae.
829 2258 945 2343 Physis
973 2259 1078 2342 igitur,
1105 2256 1217 2321 sollers
1238 2264 1276 2319 ut
1297 2263 1369 2319 erat

305 2365 429 2443 anilem
462 2367 631 2433 cerebrum
663 2367 798 2444 animae,
831 2386 888 2431 cor
919 2367 1020 2444 vitae,
1052 2387 1131 2449 epar
1161 2364 1369 2449 appetentiae

304 2473 444 2538 futurum
473 2473 613 2538 destinat
641 2474 893 2539 fundamentum.
938 2474 1035 2540 Unde
1058 2482 1091 2537 et
1113 2473 1228 2536 divinis
1259 2470 1369 2554 hospi·

304 2581 391 2646 tibus
423 2582 565 2647 divinum
603 2583 723 2668 satagit
759 2583 978 2649 habitaculum
1016 2602 1220 2666 praeparare.
1274 2579 1369 2644 Loco

78 2677 218 2770 ,summi
231 2733 246 2748 .
306 2711 447 2774 namque
476 2691 621 2774 principe
651 2692 692 2755 de
721 2691 915 2756 firmamenti
943 2692 1168 2775 sphaeraeque
1197 2689 1370 2772 superioris

5 2825 93 2907 l'“'2
114 2795 287 2879 ,21²l0'110
308 2799 461 2883 exemplo
493 2808 591 2883 caput
622 2801 770 2864 aedificat
805 2801 837 2865 in
869 2802 1018 2866 rotundo.
1072 2808 1169 2883 caput
1201 2807 1369 2882 tamquam

308 2926 425 2984 arcem,
448 2915 616 2992 tamquam
638 2909 736 2973 totius
752 2911 897 2993 corporis
914 2908 1098 2993 capitolium
1120 2908 1203 2972 tollit
1219 2916 1252 2971 et
1275 2905 1370 2988 erigit

307 3017 340 3080 in
371 3016 512 3082 excelso.
562 3019 730 3102 regionem
761 3019 875 3102 capitis
906 3039 987 3095 eam,
1020 3038 1093 3082 cum
1125 3016 1240 3092 decuit,
1272 3034 1371 3097 supra

308 3127 477 3206 attolleret,
499 3127 554 3191 ubi
576 3128 721 3191 sincerae
744 3127 875 3191 rationis
898 3127 1046 3190 divinitas
1069 3125 1240 3190 habitaret
1276 3121 1370 3206 Opti·

308 3258 396 3302 mam
426 3237 571 3321 corporis
599 3244 633 3300 et
655 3236 844 3319 deputatam
868 3233 1096 3318 intelligentiae
1119 3233 1303 3316 portionem
1326 3230 1370 3295 ab

225 3346 282 3416 115
309 3344 478 3409 esculentis
506 3344 661 3408 membris
690 3343 904 3426 grossioribus
933 3341 1118 3424 longissime
1141 3340 1306 3424 relegavit,
1329 3359 1372 3403 ne

310 3453 353 3516 ab
378 3474 417 3516 ea
436 3473 520 3537 quae
543 3452 617 3516 cibo
641 3451 862 3533 alimentisque
884 3450 1024 3514 nascitur
1046 3468 1158 3512 sensus
1181 3447 1285 3511 illuvie
1307 3455 1372 3510 tar·

310 3560 471 3624 darentur.
517 3558 657 3624 Secretis
686 3559 794 3643 itaque
825 3557 1002 3621 rationibus
1031 3555 1161 3620 mollem
1190 3554 1316 3620 cerebri
1338 3553 1372 3616 li·

310 3668 507 3753 quidamque
538 3687 636 3751 quam
675 3674 801 3730 crearat
832 3665 1003 3729 essentiam
1034 3671 1257 3747 tegumentum
1289 3662 1374 3725 intra

310 3784 449 3841 testeum
479 3772 626 3851 occuluit,
655 3796 697 3839 ne
719 3775 749 3837 ei
778 3772 869 3837 sacile
891 3780 1072 3836 noceretur.
1117 3770 1216 3834 Molle
1240 3778 1274 3832 et
1295 3767 1373 3833 deli-

226 3901 289 3952 120
311 3892 444 3969 quatum
473 3882 516 3946 ad
545 3881 742 3947 creationem
772 3880 897 3946 cerebri
919 3881 989 3944 visa
1020 3888 1070 3943 est
1092 3877 1260 3960 delegisse,
1283 3878 1374 3940 utin

310 3991 431 4075 liquido
453 3999 587 4075 possent
610 3988 730 4054 facilius
752 4010 860 4054 rerum
882 3988 1038 4070 imagines
1061 3986 1206 4064 insidere.
1251 3985 1374 4048 Totam

310 4099 406 4183 igitur
422 4098 534 4181 capitis
549 4096 780 4161 continentiam
795 4104 862 4160 tres
882 4114 1054 4159 secernens
1077 4094 1109 4156 in
1132 4091 1294 4158 thalamos
1317 4112 1375 4156 eos

309 4206 409 4271 ternis
431 4206 557 4270 animae
587 4203 763 4269 efficientiis
771 4191 995 4268 ‘consceravit
1039 4201 1076 4264 In
1098 4200 1244 4282 sincipite
1267 4199 1376 4282 provi·

267 4363 268 4368 η
310 4335 382 4380 sum
405 4320 463 4391 est,
485 4312 656 4398 phantasia
681 4333 788 4378 rerum
810 4311 930 4378 formas
952 4308 1106 4393 anticipet
1128 4316 1161 4372 et
1183 4307 1300 4370 rationi
1323 4327 1372 4372 re·
