2978 4990
1166 462 1214 551 ‚59

145 661 252 725 quam
276 644 330 727 qui
363 643 404 708 de
435 643 531 709 rebus
563 665 598 709 se
628 645 746 728 ingerit
775 653 808 709 et
837 644 999 728 conpellat
1024 644 1213 709 memoriam
1252 669 1255 674 ’

143 748 330 814 intellectus
359 751 483 815 ratione
511 771 611 834 saepe
639 751 788 829 veridica,
818 752 875 816 sed
902 751 1062 835 probabili
1086 753 1213 835 saepius

143 856 347 930 coniectura.
391 857 457 922 Illic
486 858 602 922 eadem
632 860 689 923 sed
720 843 786 923 non
809 858 926 924 eodem
947 858 1063 924 iudicio
1086 869 1213 924 natura·

142 982 223 1025 rum
239 963 381 1028 omnium
398 985 482 1049 quae
497 967 741 1048 praecesserant
756 975 956 1050 argumenta.
979 967 1213 1034 Verumtamen
1235 980 1280 1049 90

141 1089 264 1132 eorum
299 1091 384 1154 quae
415 1072 558 1136 visuntur
594 1093 754 1156 corporea
790 1073 1042 1138 consummatior
1071 1072 1148 1137 inibi
1180 1081 1213 1138 et

140 1174 252 1239 multo
281 1176 406 1259 plenior
435 1178 592 1243 doctrina.
634 1179 702 1242 Illic
718 1188 871 1262 quattuor
893 1179 1044 1243 mundani
1068 1180 1213 1262 corporis

140 1284 304 1347 materiae
326 1284 368 1347 ad
391 1293 558 1349 aeternam
585 1287 778 1351 sententiam
801 1286 843 1350 de
865 1287 974 1349 nativo
996 1285 1097 1368 litigio
1120 1306 1212 1349 revo-

141 1397 252 1454 catae.
299 1387 440 1455 Suberat
469 1392 560 1469 rati0,
590 1393 676 1456 unde
698 1413 799 1470 amor,
826 1392 912 1456 unde
935 1400 1029 1475 parta
1051 1391 1211 1468 sodalitas,

139 1504 181 1560 ut
213 1499 442 1580 componentia
471 1500 686 1581 compositum
716 1499 865 1563 membra
894 1519 1012 1582 corpus
1044 1499 1211 1563 efficerent
1232 1493 1273 1580 95

140 1610 179 1665 et
203 1602 304 1666 divisa
326 1603 489 1685 pluralitas
518 1625 554 1668 se
575 1605 719 1669 traderet
747 1605 869 1670 unitati.
912 1605 978 1668 Illic
1009 1606 1103 1689 aquei
1132 1626 1210 1688 pen-

139 1709 279 1792 natique
301 1711 430 1792 generis
452 1720 596 1794 cognata
618 1713 816 1794 germanitas
838 1713 973 1776 divisiva
995 1734 1055 1795 per
1077 1713 1210 1794 species,

140 1815 352 1899 qualitatibus
371 1816 523 1881 differens
545 1827 579 1882 et
601 1817 721 1901 figuris.
754 1816 894 1883 Suberat
908 1820 1000 1896 ratim
1015 1819 1101 1883 unde
1116 1839 1210 1903 squa-

139 1942 225 1999 mas,
249 1922 334 1986 unde
357 1923 482 2006 plumas
505 1923 665 1988 alterutris
689 1934 804 1989 natura
826 1934 1020 2008 conpararet
1042 1934 1209 2008 tegumen·

138 2038 225 2093 tum.
256 2029 342 2093 unde
365 2030 479 2094 avibus
500 2030 610 2113 lingua
624 2031 798 2108 dulcisona,
814 2031 899 2095 unde
922 2032 1027 2114 pisces
1049 2042 1208 2114 perpetuo
1235 2046 1296 2095 100

139 2136 376 2200 conticescunt.
413 2136 478 2200 Illic
499 2137 697 2220 pedestrium
720 2137 782 2201 alia
805 2138 1003 2202 domesticae
1025 2147 1208 2202 mansuetu-
1381 2123 1385 2132 ¹

139 2241 237 2319 dinis
260 2241 321 2306 alia
343 2243 487 2307 moribus
511 2244 552 2307 ad
581 2243 734 2308 malitiam
757 2245 908 2309 efferati&
955 2242 1095 2309 Suberat
1117 2245 1207 2319 rati0‚

140 2369 204 2412 cur
231 2347 378 2413 leonibus
408 2359 441 2414 et
470 2351 556 2432 apris
584 2351 755 2427 iracundia,
787 2371 844 2414 cur
866 2352 899 2415 in
921 2371 1019 2414 cervo
1042 2360 1075 2414 et
1096 2350 1208 2432 lepore

139 2453 304 2538 relanguit
326 2457 374 2519 vis
397 2457 506 2540 ignita.
552 2457 617 2520 Illic
640 2457 681 2521 de
704 2456 880 2522 herbarum
902 2458 1055 2541 potentiis
1077 2456 1207 2521 familia·

139 2563 211 2626 rior
242 2563 485 2646 contemplatus.
531 2562 672 2629 Suberat
703 2565 795 2641 ratio,
825 2565 910 2628 unde
942 2563 994 2628 illa
1024 2563 1206 2641 seminibus,
1233 2561 1291 2629 105

138 2671 248 2734 suecis
270 2670 379 2747 altera,
402 2670 484 2734 haec
506 2671 668 2735 efficacior
690 2672 722 2735 in
745 2671 862 2735 radice.
896 2671 961 2734 Illic
982 2670 1134 2755 quicquid
1156 2665 1208 2734 vel

138 2777 306 2858 ingressus
320 2776 363 2839 ad
385 2778 597 2842 substantiam
620 2779 789 2861 generatio
812 2776 971 2861 provehit,
985 2778 1037 2842 vel
1059 2798 1207 2861 egressus

140 2905 163 2948 a
186 2883 365 2948 substantia
386 2884 521 2948 destruit
543 2884 734 2967 corruptela.
780 2885 817 2949 In
844 2892 936 2949 tanta
961 2885 1058 2968 igitur
1078 2893 1206 2949 natura·

141 3010 215 3054 nun
230 2990 430 3055 multitudine
444 2990 557 3055 labore
565 2990 681 3074 Physis
696 2991 832 3076 plurimo
842 2991 985 3074 speciem
994 2990 1207 3074 deprehendit

140 3097 319 3161 humanam
341 3098 541 3176 sublustrem,
557 3106 687 3165 tenuem
710 3107 744 3163 et
765 3099 905 3182 paginae
928 3098 1126 3163 terminantis
1149 3107 1205 3162 e‘x·
1233 3112 1294 3162 110

140 3213 289 3268 tremam.

140 3632 213 3696 ΧΠ.
250 3593 433 3722 Quicquid
456 3631 487 3695 in
511 3631 668 3715 exemplis
690 3651 796 3697 rerum
819 3632 1011 3724 distinxerat
1032 3634 1124 3711 ord0,

188 3736 382 3821 Corripuere
404 3738 494 3802 deae.

141 3844 188 3910 Se
209 3847 297 3928 prius
319 3845 494 3928 accingens
516 3846 607 3928 operi
629 3845 754 3910 Natura
775 3866 905 3910 sorores

187 3953 426 4035 Participesque
448 3960 555 4016 vocat.
1256 3995 1259 4000 -

140 4058 365 4141 Expromptas
386 4058 510 4123 Urania
531 4050 807 4123 manus·traducit
829 4057 872 4123 ad
894 4068 999 4125 artem
1230 4052 1246 4120 5

186 4165 419 4249 Ingeniumque
441 4173 561 4228 movet.

141 4269 211 4336 Sed
233 4270 347 4354 Physis
370 4271 412 4335 nil
436 4280 550 4356 questa
573 4270 680 4354 palam
703 4272 863 4338 taciturna
884 4272 1019 4338 moleste

187 4376 353 4441 Murmura
373 4379 490 4441 mentis
512 4376 622 4442 habet.
