3020 4986
1149 400 1195 469 49

128 561 346 626 beatitudinis
375 561 501 626 visione
525 561 755 644 perfruuntur,
789 562 831 626 ab
861 562 953 626 omni
979 560 1197 626 distrahentis

128 687 228 730 curae
249 668 472 731 sollicitudine
484 666 615 749 serenti
632 667 667 728 in
686 678 769 749 pace
782 667 854 729 Dei
871 687 956 750 qnae
977 687 1104 732 ornnem
1125 687 1195 730 sen·

127 792 202 835 snm
230 783 370 856 superat
396 772 629 855 conquiescunt.
671 769 732 835 Ab
763 779 836 834 orta
862 772 1003 855 sphaera
1025 773 1122 854 igitur
1143 770 1196 834 fir·

128 878 285 941 mamenti
316 879 545 963 principiisque
577 876 717 941 aetheris
746 878 885 960 purioris
919 879 1064 964 adusque
1094 878 1197 943 solem

129 983 222 1048 huius
251 985 340 1048 modi
367 1006 462 1068 pura,
492 984 635 1068 prudens
662 992 695 1048 et
723 985 869 1049 ministra
890 986 963 1050 Deo
985 985 1072 1069 legio
1095 986 1197 1050 conti·
1221 1003 1237 1072 5
1243 1003 1259 1072 5

130 1100 233 1155 netur.
268 1128 309 1140 -
341 1091 478 1156 Abhinc
499 1090 584 1156 linea
607 1093 856 1156 continuationis
879 1092 921 1157 ad
943 1092 1051 1156 lunam
1074 1094 1129 1179 qui
1151 1093 1197 1157 in·

131 1198 289 1263 teriacent
311 1199 363 1263 alii
385 1200 599 1264 minoratione
623 1199 764 1284 quadam
787 1208 821 1263 et
848 1198 975 1263 luminis
997 1209 1031 1264 et
1051 1199 1198 1278 numinis,

132 1314 257 1369 tantum
286 1327 307 1370 a
335 1308 537 1390 superiorum
559 1308 728 1371 maiestate
751 1307 962 1392 degenerant,
986 1316 1143 1392 quantum
1165 1316 1199 1371 et

132 1411 276 1477 localiter
307 1413 501 1478 intimantur.
544 1415 779 1479 Verumtamen
807 1415 900 1480 huius
931 1415 1052 1479 ordinis
1073 1415 1212 1499 species

131 1519 354 1605 intelligentia,
392 1522 557 1600 memoria,
594 1531 732 1607 utraque
769 1521 851 1587 felici
880 1523 1048 1588 oculorum
1084 1427 1266 1633 infflifflio

132 1627 214 1692 adeo
253 1628 385 1708 substili,
423 1631 507 1694 adeo
545 1630 745 1713 penetrabili,
782 1640 818 1696 ut
853 1633 979 1696 animae
1016 1630 1234 1726 pervadQl

131 1734 273 1800 latebras
297 1746 458 1821 concepta
478 1739 620 1821 pectoris
642 1737 868 1821 deprehendat
891 1760 1018 1804 arcana.
1031 1721 1199 1851 [Quorum

131 1843 175 1907 ita
196 1843 360 1922 benivola,
382 1846 428 1909 ita
450 1847 629 1910 communis
652 1855 701 1910 est
723 1847 868 1924 servitus,
899 1856 935 1911 ut
957 1847 1097 1911 hominis
1119 1845 1199 1910 indi·

132 1953 261 2034 gentias
284 1953 327 2017 ad
349 1954 465 2032 Deum,
488 1953 759 2036 indulgentiarum
774 1955 837 2017 Dei
859 1937 1010 2018 benificia
1031 1954 1074 2018 ad
1096 1953 1200 2019 homi·
1311 2015 1314 2022 .

132 2079 207 2122 nem
230 2068 438 2142 reportantes
460 2069 495 2125 et
516 2061 708 2146 obsequium
738 2061 828 2125 caelo
852 2071 885 2126 et
907 2062 1043 2127 terrenis
1065 2061 1198 2145 diligen·
1221 2079 1262 2150 55

133 2165 210 2230 tiam
232 2167 385 2232 studeant
407 2169 560 2251 inpertiri.
602 2169 699 2235 Unde
722 2168 855 2252 angelus
878 2169 974 2233 officii
996 2190 1118 2234 nomen
1141 2177 1200 2247 est,

134 2295 201 2339 non
223 2283 368 2339 natmae.
402 2274 485 2340 Cum
505 2277 603 2359 igitur
624 2277 725 2342 homo
749 2278 956 2342 condictante
971 2279 1102 2364 quidem
1123 2297 1200 2361 pro·

134 2384 276 2448 videntia
298 2404 419 2448 novum
441 2385 640 2468 figmentum,
669 2406 757 2450 nova
778 2384 872 2450 fuerit
894 2396 1050 2465 creatura,
1073 2387 1115 2451 de
1138 2385 1200 2450 cle·

135 2492 333 2556 meritissimo
349 2501 382 2556 et
401 2494 591 2558 secundario
612 2494 780 2577 spirituum
802 2494 915 2558 ordine
937 2495 1127 2579 deligendus
1150 2503 1200 2559 est

136 2602 250 2684 genius
271 2602 304 2664 in
327 2602 395 2665 eius
416 2605 596 2669 custodiam
619 2607 801 2687 deputatus.
840 2603 936 2670 Cuius
957 2614 1026 2669 tam
1047 2605 1201 2688 ingenita,
1225 2635 1267 2704 70

136 2717 203 2773 tam
234 2709 340 2775 refixa
370 2714 562 2797 benignitas,
592 2725 628 2781 ut
657 2737 701 2779 ex
729 2716 806 2781 odio
836 2715 975 2779 malitiae
1005 2714 1201 2798 displicentis

137 2819 278 2901 pollutae
300 2821 402 2905 fugiat
424 2837 681 2896 conversantem.
710 2840 743 2896 et
766 2851 839 2895 cum
856 2828 933 2914 quid
955 2827 1079 2892 vinutis
1101 2847 1201 2909 agen·

138 2926 214 2992 dum
237 2931 412 3011 insumitur,
434 2937 533 3002 sacris
555 2961 615 3023 per
634 2940 876 3024 inspirationem
897 2937 1059 3001 mentibus
1082 2934 1202 3000 assolet

138 3038 301 3108 interesse.
332 3083 377 3094 -
408 3045 445 3110 In
467 3047 630 3112 sublunari
653 3054 728 3112 a'e're
750 3069 826 3130 pars
848 3046 1003 3129 superior,
1026 3065 1102 3128 pars
1125 3043 1202 3108 inse·

138 3151 202 3215 rior
224 3153 332 3235 potius
347 3153 562 3240 qualitatibus,
585 3177 683 3243 quam
701 3156 812 3239 spatiis
833 3153 988 3219 localibus
1011 3155 1201 3238 disparatur.
1227 3155 1265 3241 75

140 3259 235 3328 Cuius
264 3264 388 3347 primae
416 3273 527 3347 partes
552 3266 716 3330 tenuiores
737 3273 772 3328 et
793 3262 994 3348 aliquatenus
1015 3271 1203 3346 vaporatae,

140 3373 214 3455 quia
236 3372 343 3455 ignitis
367 3374 592 3457 contiguisque
614 3372 755 3437 aetheris
770 3371 978 3435 affinitatibus
993 3371 1203 3454 attingantur,

140 3489 295 3564 quantum
326 3502 430 3565 parva
459 3482 603 3564 magnis,
642 3489 798 3565 quantum
827 3477 979 3562 possibile
1008 3479 1129 3563 rapidis
1156 3478 1203 3562 pi-

139 3589 249 3671 griora
278 3590 431 3672 contingi.
475 3590 525 3653 Ea
553 3588 650 3672 igitur
678 3589 846 3670 spirituum
868 3588 1040 3666 distinctio,
1064 3608 1148 3673 quae
1171 3587 1204 3651 in

140 3702 231 3761 a'e'rre
253 3698 406 3760 mansitat
428 3695 487 3760 sed
509 3717 634 3773 seren0,
655 3695 842 3780 tranquillas
857 3704 983 3760 mentes
998 3693 1203 3772 contrahunt,
1226 3694 1271 3757 80

141 3805 216 3887 quia
247 3804 437 3869 cohabitant
466 3805 499 3868 in
528 3802 709 3889 tranquillo.
755 3802 810 3866 Ex
836 3803 970 3868 istorum
993 3822 1123 3888 quoque
1146 3823 1202 3866 nu·

140 3934 232 3977 mero
254 3913 412 3977 secundus
435 3921 485 3978 est
505 3913 628 3995 genius,
651 3910 707 3996 qui
720 3909 763 3974 de
785 3911 937 3974 nascendi
959 3910 1121 3992 principiis
1143 3909 1203 3973 ho·

140 4022 217 4084 mini
233 4020 398 4104 copulatus
411 4020 544 4085 vitanda
566 4018 607 4082 illi
622 4017 805 4082 discrimina
819 4016 871 4082 vel
893 4017 1009 4081 mentis
1031 4016 1203 4100 praesagio

141 4129 193 4194 vel
214 4129 342 4213 soporis
363 4129 504 4212 imagine
518 4126 571 4191 vel
592 4125 781 4210 prodigioso
796 4145 904 4190 rerum
925 4124 1111 4208 spectaculo
1127 4143 1203 4188 con·
1281 4117 1319 4205 ᾔ

142 4236 269 4323 figurat
312 4237 439 4301 Horum
471 4235 601 4322 quidem
631 4254 699 4298 non
730 4230 814 4297 adeo
842 4234 977 4310 sincera,
1007 4253 1073 4296 non
1102 4251 1204 4315 usque
1226 4225 1266 4294 85

142 4366 272 4432 quaque
285 4343 425 4429 simplex
444 4351 494 4410 est
508 4343 665 4419 divinitas,
680 4360 793 4405 verum
816 4361 954 4425 corpore
975 4340 1034 4404 sed
1049 4338 1203 4406 aethereo

215 4454 361 4517 Barach,
378 4453 522 4503 Bernardus
541 4451 674 4502 Silvestris.
1025 4461 1044 4512 4
