3020 4986
339 592 399 656 bus
421 591 592 656 ferebatur.
638 591 690 656 De
719 613 820 675 puero
851 592 1094 675 conpubescens
1121 594 1153 656 in
1175 593 1331 670 iuvenem,
1354 591 1395 657 de

338 701 585 778 iuvenevirum,
609 699 650 764 de
672 701 742 765 viro
765 720 875 766 senem
899 701 1046 766 induerat
1069 701 1157 766 canis
1178 702 1396 766 intermiscen-
1487 737 1488 806 l

338 807 423 873 tibus
446 807 649 873 albicantem.
679 809 744 872 Eas
766 809 863 892 igitur
884 810 1047 873 varietatis
1070 809 1194 893 species
1216 808 1397 873 alternabat
1487 813 1488 843 l

255 912 317 978 130
337 935 398 997 per
426 915 580 980 inflexum
611 915 840 1002 obliquumque
871 916 1056 999 signiferum
1092 915 1177 994 altis,
1214 917 1332 1000 pressis
1364 925 1397 980 et

338 1022 451 1087 mediis
473 1022 522 1087 sol
543 1023 708 1087 itineribus
740 1024 980 1088 circumvectus.
1023 1025 1114 1088 luter
1137 1023 1284 1107 Oyarsas
1300 1024 1397 1108 geui-

339 1153 435 1214 osque
456 1131 618 1212 caelestes,
645 1153 724 1215 quus
746 1143 881 1197 aeterua
902 1132 1068 1216 sapientia
1090 1133 1255 1197 muudauu
1275 1133 1333 1196 vel
1344 1131 1397 1195 de·

338 1239 410 1304 cori
426 1239 485 1304 vel
501 1239 665 1321 regimini
683 1238 862 1323 deputavit,
891 1240 946 1305 sul
962 1238 1127 1305 illustrtbr
1147 1239 1279 1320 lurua’rre,
1297 1252 1397 1324 prae·
1489 1261 1491 1282 ²

337 1347 611 1427 sentiaruiribus,
637 1348 813 1432 augustior
826 1347 1007 1427 urar'estate,
1032 1368 1123 1413 meus
1137 1347 1261 1428 muudi,
1285 1367 1397 1411 rerum

255 1443 312 1514 135
329 1455 441 1538 fomes
472 1453 654 1542 santificus,
695 1455 803 1520 uirtus
832 1455 981 1520 siderum
1011 1456 1258 1537 mundanusque
1287 1453 1398 1519 oculus

338 1573 409 1626 taru
429 1563 612 1645 splendoris
626 1583 726 1645 quam
740 1563 861 1628 calaris
882 1562 1091 1626 iumaisii‘atr
1105 1563 1308 1646 perfuderat
1327 1560 1397 1624 uui·
1488 1587 1489 1598 ¹

337 1691 445 1734 versa.
490 1671 705 1734 Instrumenta
736 1665 798 1733 deo
829 1669 994 1734 familiaria
1016 1689 1108 1734 arcus
1140 1678 1173 1733 et
1205 1669 1328 1733 cithara
1357 1666 1397 1732 de

338 1773 420 1841 loco
434 1777 494 1842 sibi
522 1779 674 1860 proximo
697 1776 936 1860 dependebant,
968 1785 1004 1841 ut
1026 1779 1052 1841 si
1075 1777 1205 1862 quando
1227 1776 1398 1841 iracundus

340 1893 518 1949 armaretur
541 1886 573 1948 in
595 1885 758 1967 pharetra,
782 1884 970 1969 tranquillus
993 1892 1025 1948 et
1046 1883 1191 1966 placidus
1212 1882 1331 1948 fidibus
1353 1884 1398 1946 in·

255 2001 317 2068 140
338 2000 477 2055 sonaret.
513 1992 609 2056 Veris
631 1991 751 2056 fructus
773 2011 914 2074 persona
936 1991 1016 2055 deus
1038 1990 1214 2056 venerabili
1235 1990 1396 2056 Phaeton-

339 2119 401 2183 que
417 2097 574 2176 innoxius,
589 2107 724 2183 uterque
741 2096 824 2162 Solis
840 2098 929 2162 filius.
951 2098 1087 2181 Psyche,
1102 2095 1264 2175 Celeritas,
1281 2098 1398 2162 ambae

336 2203 443 2288 proles
464 2203 649 2287 Apollinea.
692 2205 744 2269 De
773 2205 891 2269 dextra
920 2206 1059 2282 iuvenes,
1088 2205 1130 2269 de
1153 2205 1279 2270 sinistra
1301 2205 1397 2288 virgi·

337 2332 396 2375 nes
419 2331 528 2376 currus
549 2311 696 2376 luciferos
719 2312 916 2376 ambiebant.
945 2311 1137 2395 Psychede
1158 2321 1296 2395 paterna
1318 2313 1397 2377 lam·

339 2419 425 2503 pade
448 2440 530 2505 quos
553 2421 586 2482 in
609 2418 732 2483 caelum
755 2428 939 2503 terramque
958 2419 1153 2487 diffunderet
1174 2419 1331 2502 igniculos
1353 2420 1397 2483 in-

255 2518 313 2605 145
339 2527 495 2592 sumebat.
541 2524 695 2591 Celeritas
725 2527 799 2591 solis
828 2527 890 2591 itus
917 2536 1076 2610 perpetuo
1098 2536 1268 2610 persecuta
1290 2536 1396 2592 motus

338 2635 492 2716 temporis
523 2634 681 2698 hactenus
712 2632 892 2710 ordinabat,
922 2643 958 2698 ut
987 2633 1049 2698 diei
1072 2634 1284 2698 substantiam
1306 2635 1397 2698 unius

339 2740 482 2805 efficeret
503 2740 603 2805 semel
624 2741 710 2806 lacta
733 2742 900 2805 conversio
915 2741 1117 2826 fimamenti,
1132 2762 1304 2806 mensurna
1324 2761 1396 2825 spa-

338 2848 383 2911 tia
411 2848 515 2912 lustris
544 2848 706 2912 lunaribus
737 2847 972 2931 conplerentur,
1004 2869 1048 2912 ex
1081 2869 1214 2913 numero
1242 2849 1397 2913 mensium

339 2955 436 3018 orbes
458 2975 624 3032 annorum,
648 2977 691 3020 ex
711 2953 1091 3020 annorum'multitudine
1113 2964 1280 3020 texeretur
1301 2957 1397 3019 series

256 3057 318 3125 150
339 3061 546 3127 saeculorum.
590 3063 653 3126 Hic
683 3064 780 3147 igitur
810 3063 933 3129 Urania
961 3063 1083 3146 proprii
1112 3063 1254 3146 speciem
1285 3083 1397 3144 recog-

339 3189 477 3233 noscens
500 3170 595 3234 officii
618 3171 675 3235 nisi
699 3171 867 3255 proposito
890 3190 998 3234 moras
1021 3171 1208 3247 innecteret,
1224 3189 1298 3233 cum
1321 3190 1397 3251 cog·

339 3277 422 3340 natis
450 3276 626 3361 virginibus
657 3277 837 3342 voluntaria
859 3277 1022 3341 resideret.
1067 3278 1301 3342 Verumtamen
1324 3277 1397 3361 quia

340 3385 426 3448 circa
454 3385 529 3449 solis
566 3385 811 3448 admirationem
840 3384 1025 3466 spectaculo
1057 3393 1214 3449 steterant
1243 3384 1396 3466 longiore,

340 3511 493 3555 amoenus
515 3490 643 3555 Lucifer
666 3491 910 3574 communisque
930 3489 1091 3574 Cyllenius
1114 3492 1182 3554 sine
1204 3512 1315 3556 morae
1337 3492 1397 3554 dis·

256 3590 313 3659 155
339 3599 459 3680 pendio
474 3599 597 3663 Natura
619 3599 765 3681 suggerit
780 3607 999 3662 excurrantur.
1028 3598 1153 3663 Intrant
1167 3598 1270 3682 igitur.
1293 3618 1398 3683 neque

340 3707 424 3769 enirn
446 3706 494 3770 fas
517 3715 586 3770 erat
608 3707 776 3770 devertere
798 3705 948 3770 Mercurii
970 3706 1173 3789 Venerisque
1201 3704 1335 3769 circulos
1358 3703 1397 3769 ad

339 3834 375 3877 se
406 3814 543 3877 invicem
573 3822 607 3878 et
638 3813 681 3877 ad
714 3813 816 3877 solem
846 3813 1032 3897 perplexius
1059 3813 1233 3877 intricatos.
1277 3813 1321 3876 Et
1342 3810 1398 3876 nisi

341 3921 553 3985 conmissuras
584 3921 753 4005 nodosque
785 3921 1067 3985 intersecationum
1099 3920 1221 3986 Urania
1249 3920 1397 3984 intentior

341 4028 615 4112 deprehendisset,
638 4029 762 4092 viamm
785 4028 977 4111 ambagibus
1009 4027 1050 4091 ad
1073 4026 1174 4092 solem
1197 4027 1283 4092 unde
1304 4046 1397 4091 vene-

257 4133 319 4199 160
340 4144 414 4201 rant
449 4135 642 4200 ferebantur.
697 4135 750 4199 De
789 4136 942 4219 contiguo
975 4135 1192 4220 proximoque
1223 4133 1397 4198 Mercurius

341 4244 452 4309 solaris
481 4243 607 4310 orbitae
637 4243 868 4308 circumcursor
897 4243 940 4307 ab
970 4242 1084 4306 eadem
1108 4261 1205 4327 quam
1233 4238 1398 4324 praevenit

340 4352 546 4437 praevenitur
577 4360 610 4416 et
639 4371 700 4434 pro
728 4351 803 4436 lege
833 4350 939 4414 circuli
966 4351 1163 4434 reportantis
1192 4368 1277 4413 nunc
1303 4366 1397 4433 supra
