2978 4990
358 443 407 512 60

359 625 500 709 Ingeniis
521 634 650 709 aptarat
671 647 763 710 opus
783 627 845 692 sub
868 626 1014 711 pondere
1035 629 1104 694 visa
1126 637 1176 694 est

298 748 340 798 10
406 731 620 798 Succubuisse
641 735 755 798 minor.

359 841 533 904 Brutorum
553 841 678 908 factura
697 840 777 906 levis
797 841 1028 928 minimumque
1050 843 1177 910 decoris

403 948 448 1012 Et
469 947 547 1012 nihil
570 951 648 1013 artis
670 948 806 1014 habens.

358 1053 456 1119 Alter
476 1055 615 1120 mundus
637 1055 738 1122 homo
759 1075 872 1120 sensus
894 1077 1056 1141 curaeque
1077 1059 1192 1142 prioris

402 1163 448 1227 Et
468 1163 607 1227 melioris
630 1172 715 1247 eget

297 1267 333 1336 15
357 1270 449 1335 Vera
469 1269 532 1334 Dei
554 1270 652 1334 facies
674 1269 784 1348 homo,
805 1269 908 1335 lomes
930 1279 1077 1356 sumptus
1099 1271 1143 1337 ab
1165 1272 1268 1350 astris,

402 1375 522 1441 Mentis
545 1387 579 1442 et
600 1378 677 1441 artis
699 1397 791 1460 opus

357 1484 453 1551 Usias
476 1484 636 1549 elementa
658 1485 753 1549 rudes
775 1483 891 1549 diffidit
914 1484 956 1549 ad
978 1506 1110 1550 omnem

403 1589 652 1656 commodanda
673 1591 816 1656 modurn

357 1700 394 1763 In
418 1699 534 1783 quibus
557 1708 591 1764 et
612 1700 755 1764 maculas
776 1709 810 1764 et
831 1699 1054 1765 inextricabile
1076 1700 1174 1765 silvae

294 1822 337 1873 20
403 1805 515 1872 Cernit
536 1809 640 1871 inesse
661 1808 791 1872 malum.

357 1915 501 1979 Territat
522 1914 679 1978 artificem
701 1914 803 1980 veteri
825 1913 935 1979 collisa
955 1913 1091 1979 tumultu

310 2079 319 2100 ,
401 2021 548 2087 Turbida
569 2022 728 2087 materies.

357 2128 444 2214 Ignis
466 2131 500 2194 in
521 2128 692 2196 humorem
714 2138 903 2213 conpugnat
924 2137 958 2195 et
979 2128 1097 2194 humor
1117 2130 1150 2194 in
1172 2129 1290 2213 ignem,
1351 2172 1353 2177 -

403 2235 665 2324 Convariantque
687 2239 785 2302 vices.

293 2345 332 2414 25
358 2344 528 2411 Limitibus
551 2348 747 2432 quicumque
768 2345 833 2409 suis
855 2344 1009 2410 intensior
1032 2343 1109 2422 exit,

402 2454 499 2518 Hunc
511 2473 677 2532 ‚revocare
699 2453 801 2518 labor.

358 2561 503 2626 Naturae
525 2560 611 2627 mala
632 2581 812 2645 corporeae
833 2567 1010 2644 partesque
1033 2557 1169 2624 fluentes

392 2667 598 2733 'Extimuisse
619 2677 738 2752 potest

358 2773 409 2839 Ne
433 2777 663 2859 contemptarit
684 2785 785 2860 neget
806 2774 1021 2840 inconstantia
1041 2773 1180 2838 {onnam

293 2884 337 2952 30
402 2880 627 2968 Ludificetque
648 2904 789 2949 manum.

360 2989 605 3079 Conrixansque
628 2992 745 3077 globus
768 2991 908 3057 numeris
930 2999 966 3056 ut
987 2989 1071 3056 forte
1092 2989 1226 3073 ligetur:

402 3100 494 3165 Haec
516 3120 648 3185 quoque
669 3120 783 3184 pugna
803 3099 921 3182 gravis.

357 3205 445 3271 Tota
466 3228 526 3291 per
548 3227 619 3271 esse
641 3227 733 3270 suum
754 3205 965 3289 perfectaque
986 3204 1106 3269 viribus
1128 3202 1216 3268 orbis

404 3311 536 3380 Semina
558 3315 723 3378 continuit.

292 3416 332 3487 35
360 3418 426 3485 Sed
449 3442 555 3506 neque
577 3421 623 3484 sic
645 3421 791 3485 mortalis
812 3419 923 3498 homo,
948 3418 1006 3484 sed
1027 3417 1155 3503 longius
1177 3417 1268 3502 inpar

402 3528 636 3594 Aedificandus
658 3537 738 3592 erat.

358 3633 418 3700 Cui
439 3635 577 3700 mundus
599 3656 681 3720 opus
703 3635 804 3700 homo
826 3634 983 3717 temporis
1005 3633 1086 3698 alter
1107 3633 1140 3698 in
1163 3631 1225 3709 illo,

403 3740 541 3826 Spiritus
562 3742 643 3807 alter
664 3743 697 3807 in
719 3742 794 3807 hoc.

358 3850 421 3915 Hic
442 3871 526 3934 opus
548 3850 684 3934 ingeniis
706 3859 740 3914 et
762 3851 847 3915 acuti
869 3848 1011 3934 pectoris
1033 3848 1109 3932 igne

291 3977 336 4043 40
402 3957 629 4042 Doctificaque
651 3977 758 4021 manu.

357 4066 406 4131 Ut
427 4085 511 4149 quae
533 4072 690 4129 contextu
711 4085 778 4128 non
800 4062 896 4128 durat
916 4063 961 4128 ab
982 4063 1153 4141 exteriore,

402 4171 506 4235 Duret
528 4170 572 4235 ab
594 4171 679 4234 intus
701 4169 811 4236 homo.

358 4277 512 4343 Materies
534 4297 670 4360 operum
692 4276 879 4342 fundamina
899 4279 1005 4362 prima
1025 4297 1157 4344 suorum

404 4381 680 4471 Conpositumque
702 4384 876 4450 bominem
