2978 4990
224 409 270 472 66

1040 514 1095 562 cs

225 581 319 664 Quae
342 582 486 646 meminit
508 567 674 663 postrema
696 578 778 694 lpco,
801 585 901 640 virtus
924 576 1120 660 speculatrix

268 689 329 752 Est
350 688 447 770 prior,
470 705 513 748 ex
535 684 643 748 medio
666 683 714 747 vis
737 683 869 746 rationis
892 683 967 765 agit.

224 794 391 858 Assistunt
412 810 526 855 omnes
547 789 648 871 operi,
670 807 745 851 cum
767 789 909 872 quinque
932 788 1067 854 ministri

163 921 204 972 10
271 898 401 977 Sensus,
423 918 507 982 quae
531 903 667 960 cernunt
688 896 860 973 exteriora,
882 894 1011 958 docent.

224 1007 362 1071 Nuntius
384 1003 563 1087 ingreditur
585 1022 697 1065 sensus
720 1009 928 1084 mentemque
952 1003 1094 1086 quietam

269 1113 403 1189 Evocat,
426 1119 462 1175 ut
485 1118 575 1174 certa
596 1129 649 1172 res
671 1109 796 1172 ratione
818 1109 947 1191 probet.

103 1258 190 1295 ἢ,
224 1220 352 1284 Nervus
374 1219 460 1282 enim
483 1218 540 1301 qui
562 1215 633 1280 luce
655 1237 714 1279 sua
736 1215 902 1280 collustrat
924 1213 1044 1278 ocellos

270 1324 441 1390 Contrahit
463 1345 507 1388 ex
530 1322 676 1401 cerebro,
700 1323 789 1407 quod
811 1322 957 1388 radiosus
980 1323 1056 1406 agit

164 1439 200 1509 15
225 1433 341 1498 Intima
362 1432 420 1496 lux
442 1432 634 1514 animaeque
656 1430 725 1493 dies
748 1431 911 1494 concurrit
932 1430 974 1494 ad
995 1430 1080 1514 ignis

270 1539 391 1605 Solaris
413 1539 520 1603 radios
542 1538 794 1621 aethereumque
817 1538 919 1603 iubar.

225 1648 278 1712 De
300 1667 367 1732 quo
391 1666 549 1710 concursu
573 1646 621 1709 vis
643 1653 677 1708 et
699 1653 816 1708 natura
836 1646 967 1710 videndi

269 1754 408 1818 Essendi
430 1773 560 1818 causam
582 1748 814 1837 materiamque
836 1754 937 1818 trahit

226 1861 284 1925 Ad
306 1861 425 1926 formas
448 1881 555 1926 rerum
576 1881 613 1925 se
634 1861 772 1944 porrigit
794 1859 886 1925 huius
910 1881 1056 1942 acumen,

163 1996 206 2048 20
272 1968 371 2032 Lucis
393 1976 427 2033 et
449 1987 590 2032 examen
611 1968 760 2032 iudiciate
782 1967 866 2034 lacit

226 2074 412 2161 Iudicioque
434 2084 545 2140 tamen
568 2096 636 2141 non
658 2077 768 2141 onmia
789 2078 888 2141 sentit
910 2078 1028 2143 eodem

271 2183 356 2248 Illius
377 2184 538 2248 interdum
560 2182 701 2267 languet,
724 2185 871 2249 abundat
892 2206 984 2270 opus.

227 2291 339 2357 Purius
361 2291 437 2356 alba
459 2292 546 2377 capit
567 2283 785 2377 propriaeque
807 2293 964 2358 simillima
985 2293 1117 2370 formae,

272 2399 330 2464 Ad
353 2421 406 2465 res
428 2399 595 2465 dissimiles
617 2402 727 2484 segnis
750 2393 917 2486 hebesque
939 2403 1036 2466 venit.

165 2517 204 2588 25
231 2508 394 2594 Splendor
415 2509 587 2593 splendori,
609 2509 737 2594 lucique
759 2510 938 2574 domestica
957 2508 1015 2572 lux
1037 2517 1101 2574 est:

272 2617 310 2683 In
332 2625 464 2683 noctem
486 2627 520 2682 et
541 2619 694 2683 tenebras
716 2618 783 2682 otia
805 2618 891 2682 visus
914 2619 990 2701 agit

194 2709 196 2714 ⁵
227 2726 326 2792 Plana
347 2726 534 2809 superficies
555 2728 666 2792 teretis
689 2728 873 2810 circumque
896 2725 1026 2791 rotundi

273 2834 446 2919 Corporis:
469 2834 552 2899 haec
575 2835 674 2900 oculis
697 2835 871 2902 commoda
892 2835 997 2900 forma
1018 2835 1085 2901 suit.

228 2945 265 3010 In
287 2943 385 3029 plano
408 2935 515 3010 rerum
537 2947 706 3015 simulacra
727 2948 852 3013 fidelius
874 2947 1018 3024 haerent,

163 3061 208 3127 30
274 3055 318 3118 Et
340 3057 422 3120 tenti
443 3055 545 3122 levior
567 3068 674 3124 motus
697 3059 801 3122 inesse
823 3057 914 3120 solet.

232 3163 398 3250 Quodque
419 3167 531 3232 oculos
553 3177 670 3246 motuS,
693 3166 804 3232 oculos
827 3168 913 3231 nitor
934 3174 1045 3231 ornat:
1068 3171 1239 3248 utrumque

274 3273 435 3339 Redditur
457 3275 489 3338 in
511 3273 634 3340 formae
658 3275 843 3340 conditione
865 3296 951 3339 suae.

228 3382 323 3446 Neve
346 3380 485 3448 lacessiri
508 3393 606 3466 queat
628 3392 664 3449 ut
684 3383 772 3463 libet,
795 3385 879 3449 intus
901 3385 1018 3450 adacta

273 3489 435 3573 Tegmine
456 3499 593 3575 septeno
616 3492 673 3556 lux
694 3493 838 3557 tunicata
859 3492 946 3558 latet

163 3598 202 3667 35
229 3595 317 3661 Silva
339 3598 497 3682 supercilii
520 3618 595 3663 casu
618 3600 801 3683 praemunit
822 3600 865 3665 ab
889 3601 986 3680 omni,

272 3703 381 3786 Quem
403 3705 463 3769 sibi
486 3726 538 3769 res
562 3707 665 3771 mollis
689 3717 722 3771 et
745 3707 828 3771 male
851 3708 944 3772 firma
966 3710 1068 3774 timet.

227 3813 306 3876 Non
328 3810 408 3875 nihil
431 3821 481 3876 est
504 3811 564 3876 hos
587 3834 658 3877 esse
681 3815 778 3878 duos:
801 3815 826 3878 si
848 3815 1000 3900 langueat
1022 3816 1111 3892 alter,

273 3920 320 3984 Ut
341 3919 413 3982 vice
435 3919 600 4003 participis
623 3920 773 4004 suppleat
795 3922 876 3986 alter
899 3945 991 4006 opus,

228 4024 408 4108 Palpebrae
430 4025 590 4090 thalamus
612 4027 711 4104 sessis,
735 4048 808 4093 cum
831 4030 950 4094 mulcet
972 4030 1014 4094 ad
1037 4031 1153 4096 horam

160 4149 207 4217 40
273 4131 412 4197 Lumina
433 4133 586 4215 pacificus
609 4133 755 4199 officiosa
776 4158 885 4219 sopor.
1123 4117 1126 4124 ¹

228 4239 286 4308 Sol
308 4239 419 4306 oculus
440 4241 551 4305 mundi
573 4251 733 4326 quantum
756 4243 981 4309 communibus
1003 4245 1096 4309 astris

269 4347 453 4414 Praeminet
475 4357 508 4413 et
531 4350 655 4416 caelum
677 4352 829 4417 vendicat
853 4374 955 4437 usque
977 4373 1079 4431 suum,
