3020 4986
150 1305 452 1416 Bernardi
509 1307 801 1417 Silvestris
859 1311 934 1418 de
989 1262 1210 1419 Mundi

474 1470 885 1579 Universitato.

434 1737 601 1804 LIBER
624 1737 931 1806 SECUNDUS.

240 1897 263 1963 I.
289 1863 339 1969 In
371 1905 573 1988 praedecoro
606 1905 769 1991 longeque
800 1905 914 1970 artifici
949 1907 1059 1971 mundi
1089 1907 1211 1972 sensilis

152 2019 313 2094 apparatu
346 2032 420 2076 cum
451 2013 514 2076 iam
550 2013 774 2096 providentiae
810 2012 1032 2098 conplaceret‚
1062 2023 1210 2080 naturam

147 2127 275 2196 evocat,
298 2127 334 2182 ut
355 2119 477 2204 pariter
499 2120 694 2184 conmiretur
708 2128 741 2183 et
756 2119 905 2208 gaudeat,
929 2121 970 2184 ad
994 2142 1131 2205 quorum
1153 2143 1210 2186 ex-

147 2226 354 2290 ornationem
375 2227 452 2291 totis
474 2225 637 2291 desideriis
659 2225 835 2290 anhelarat.
867 2227 963 2304 Ecce,
985 2229 1095 2313 inquit,
1117 2248 1209 2294 muu-

121 2334 221 2412 u'us,
254 2357 273 2398 o
299 2345 432 2414 natura,
466 2355 562 2417 quem
593 2334 635 2397 de
665 2335 801 2417 antiquo
828 2335 1016 2416 semzuarz'o,
1051 2357 1146 2418 quem
1168 2337 1248 2406 des

147 2440 293 2504 tumultu
315 2441 428 2521 veteru}
454 2463 549 2525 quem
571 2442 612 2504 de
633 2461 746 2506 massa
760 2442 960 2525 confusum
974 2443 1094 2526 excepi.
1121 2443 1210 2508 Ecce

146 2546 296 2624 mundus,
325 2547 433 2630 operis
461 2548 525 2612 mei
555 2547 742 2630 excogitata
772 2548 936 2625 subtilitas,
969 2548 1110 2632 gloriosa
1132 2570 1209 2614 con·

146 2655 292 2732 structio,
308 2675 415 2719 rerum
430 2655 595 2738 specimen
609 2654 852 2739 praedecorum,
868 2676 966 2740 quem
981 2657 1095 2733 creavi,
1112 2669 1209 2742 quem
1315 2645 1323 2656 “

147 2761 288 2824 formavi
311 2761 429 2840 sedula,
452 2783 549 2847 quem
572 2762 613 2827 ad
643 2770 809 2826 aeternam
832 2762 936 2826 ideam
959 2763 1126 2845 ingeniosa
1149 2766 1207 2828 cir-

149 2867 282 2932 cumtuli
303 2878 447 2934 mentem
468 2890 575 2934 meam
594 2869 747 2952 propiore
768 2870 904 2952 vestigio
920 2869 1099 2934 subsecuta.
1121 2871 1208 2936 Ecce
1233 2890 1274 2940 10

146 2975 306 3054 mundus,
337 2977 387 3040 cui
416 2997 500 3061 noys
528 2977 603 3054 vita,
631 2977 681 3039 cui
710 2970 950 3053 ideae‘lorma,
980 2977 1030 3040 cui
1059 2979 1219 3058 materies

146 3083 316 3147 elementa.
361 3083 449 3147 Ecce
479 3083 521 3147 de
552 3104 652 3166 opere
681 3103 755 3147 meo
784 3103 861 3146 num
891 3081 933 3146 ad
956 3085 1096 3148 animum
1117 3093 1221 3156 tuum]

145 3189 292 3254 officiosa
313 3191 456 3274 perveni.
493 3211 570 3255 num
593 3189 680 3274 quod
709 3189 845 3254 mundus
874 3190 938 3254 iam
961 3192 1101 3256 nascitur
1122 3194 1206 3257 votis

144 3295 291 3360 felicibus
314 3296 516 3381 amplexaris.
557 3296 691 3360 Missum
713 3296 804 3373 facio,
828 3305 982 3381 quantam
1004 3298 1133 3362 turbam
1155 3299 1205 3363 sil·
1256 3317 1257 3320 ’

143 3423 209 3466 vae
236 3404 391 3484 asperitas
420 3403 531 3467 lecerit
562 3403 754 3480 attrectanti,
790 3402 866 3486 quid
889 3403 1073 3486 diligentiae
1095 3397 1206 3469 contu·
1233 3407 1268 3475 15

142 3508 238 3572 lerim
268 3509 421 3574 adversus
447 3509 670 3593 intemperiem
700 3508 892 3586 reluctantis,
923 3509 1067 3594 adusque
1094 3531 1206 3576 manus

144 3614 287 3679 artifices
302 3616 446 3682 insuevit.
480 3616 615 3680 Missum
630 3616 721 3693 facio,
745 3637 885 3700 quanam
908 3626 982 3682 cote
1005 3617 1047 3681 de
1069 3618 1205 3702 antiquis

143 3722 329 3805 rubiginem
360 3723 525 3788 elementis
555 3724 675 3787 effricui
699 3730 732 3787 et
754 3731 900 3787 recoctas
923 3724 1077 3788 essentias
1099 3723 1204 3806 splen·

143 3829 228 3893 dore
251 3851 315 3914 quo
338 3830 445 3894 decuit
467 3831 625 3895 innovavi.
656 3829 789 3894 Missum
806 3829 899 3907 facio,
922 3831 1007 3894 unde
1021 3849 1113 3894 sacer
1128 3850 1204 3895 con-

142 3937 362 4001 troversantia
383 3938 443 4002 sibi
474 3958 596 4021 genera
620 3937 798 4000 foederavit
820 3935 997 4020 amplexus,
1019 3936 1105 4002 unde
1127 3946 1204 4002 nata
1227 3959 1270 4009 20

144 4042 304 4108 medietas
327 4043 506 4132 disparatas
527 4045 690 4127 potentias
712 4045 915 4128 exaequavit.
955 4043 1091 4108 Missum
1112 4043 1203 4124 facio,

143 4149 232 4216 unde
262 4151 385 4216 formae
416 4152 600 4217 substantiis
630 4152 840 4229 obvenerunt,
871 4152 955 4216 unde
984 4152 1085 4229 terris,
1119 4152 1203 4216 unde
1251 4141 1253 4145 ’

143 4257 349 4341 aequoribus,
372 4259 458 4323 unde
473 4265 555 4336 aere,
578 4258 664 4323 unde
686 4259 802 4323 vivitur
824 4260 856 4323 in
879 4259 1042 4323 convexis
1071 4257 1202 4323 Caelum

142 4363 241 4431 velim
262 4365 373 4430 videas
395 4366 577 4431 multiformi
600 4367 774 4450 imaginum
796 4368 952 4434 varietate
974 4367 1200 4449 corumptum,

215 4472 355 4539 Barach,
373 4473 514 4527 Bernardus
533 4474 665 4527 silvestris.
1113 4484 1129 4540 3
