3020 4986
263 411 309 494 ‚54

202 593 239 664 55
265 593 342 659 nihil
364 593 547 657 offenderet
568 592 774 657 mansitabat,
809 594 1006 657 Naturarum
1022 595 1165 657 omnium
1182 594 1331 677 origines,

265 701 489 785 proprietates,
512 701 686 783 potentias,
708 701 852 778 effectus,
876 709 1043 783 postremo
1059 703 1241 766 universam
1265 723 1332 766 om·

264 828 405 893 nemque
420 807 604 872 Aristotelis
621 809 821 891 categoriam
842 809 1011 872 materiam
1027 809 1233 891 'cogitationis
1256 811 1332 875 effe·

265 924 364 980 cerat.
397 913 541 999 Sumptis
565 924 673 979 autem
690 937 709 978 a
725 935 876 998 suprema
898 915 1065 979 divinitate
1088 917 1251 999 principiis
1274 939 1333 1000 per

264 1044 388 1107 genera
409 1044 469 1106 per
490 1024 616 1106 species
631 1044 691 1106 per
713 1021 875 1087 individua
897 1031 1046 1086 naturam
1067 1032 1101 1086 et
1116 1023 1269 1108 quicquid
1292 1045 1330 1088 eo

198 1138 243 1201 60
265 1123 395 1195 nomine
434 1131 618 1193 continetur
657 1129 822 1193 indeflexo
860 1131 999 1212 vestigio
1038 1130 1244 1215 sequebatur.
1298 1129 1332 1195 Si

266 1236 396 1322 quando
430 1236 521 1300 caelo
553 1235 605 1300 vel
639 1236 797 1300 sideribus
829 1236 967 1300 inferius
990 1239 1154 1320 cogitavit,
1184 1237 1226 1301 de
1256 1258 1331 1301 con·

264 1344 420 1427 plexione
440 1364 547 1407 mores
570 1343 752 1407 animalium
775 1343 895 1407 studuit
919 1342 1067 1408 iudicare.
1097 1345 1332 1409 Pavitationem

264 1451 383 1534 leporis
412 1471 456 1513 ex
484 1450 610 1532 frigid0,
640 1450 742 1513 leonis
765 1451 932 1514 audaciam
956 1471 999 1513 ex
1022 1450 1133 1533 ignito,
1177 1452 1214 1515 In
1236 1451 1331 1534 vulpe

265 1559 448 1634 versutiam,
470 1557 656 1622 tarditatem
672 1559 704 1620 in
720 1559 810 1620 asino
827 1557 961 1620 alteram
976 1557 1182 1640 phlegmatis,
1197 1556 1331 1622 alteram

199 1668 238 1737 65
264 1664 497 1729 melancholiae
520 1665 727 1747 qualitatibus
749 1665 913 1747 inportari.
944 1663 1089 1749 Animati
1114 1665 1331 1729 conditionem

266 1772 412 1854 corporis
438 1792 498 1854 per
520 1772 768 1834 inconstantiam
790 1771 1012 1836 mutabilitatis
1034 1771 1168 1836 videbat
1191 1772 1331 1837 effluere.

264 1877 344 1942 Inde
366 1878 516 1942 subortas
538 1877 728 1941 morborum
755 1878 918 1942 molestias
941 1880 1081 1942 animam
1104 1880 1209 1962 primo
1231 1879 1330 1943 laces·

265 2006 346 2062 sere,
369 1985 501 2050 domum
518 1987 584 2048 eius
599 1985 795 2049 labefactare
811 2005 1014 2068 corpoream,
1037 1985 1176 2050 evictam
1191 1986 1330 2071 denique

265 2092 395 2156 sedibus
419 2093 604 2157 exturbare.
649 2093 700 2156 Ea
730 2101 846 2155 contra
875 2093 906 2154 in
934 2093 1132 2156 inveniendis
1156 2093 1330 2176 evigilabat

200 2219 242 2286 70
263 2199 420 2276 remediis,
444 2199 486 2262 ad
509 2219 645 2282 quorum
673 2207 966 2282 temperamentum
995 2198 1205 2284 inaequalitas
1226 2200 1329 2265 irena·

264 2313 360 2383 retur,
384 2325 457 2369 cum
480 2327 514 2369 se
538 2305 690 2388 dirigeret
713 2307 754 2369 ad
777 2306 971 2371 nocendum.
1008 2308 1134 2372 Verum
1156 2306 1189 2370 id
1212 2307 1328 2392 disqui-

262 2413 363 2476 sitiori
394 2413 615 2496 pertractabat
645 2415 785 2495 ingenio,
812 2423 847 2477 ut
877 2414 1048 2491 elementa,
1077 2423 1187 2497 partes
1218 2414 1328 2478 mundi

263 2520 435 2604 primariae
457 2529 631 2604 partesque
654 2521 802 2603 partium,
834 2521 866 2583 in
890 2520 940 2584 his
963 2542 1007 2585 ex
1030 2520 1079 2584 his
1101 2530 1135 2585 et
1157 2542 1217 2604 per
1239 2521 1329 2599 haec,

265 2647 349 2711 quae
371 2635 516 2709 generat,
540 2628 643 2690 causis
666 2626 887 2709 physicalibus
909 2628 1119 2692 deservirent.
1158 2629 1235 2692 Non
1258 2627 1329 2692 her·

200 2735 238 2821 75
263 2733 323 2810 bis,
346 2754 412 2797 non
434 2733 560 2816 plantis
584 2754 649 2797 non
674 2742 828 2798 contenta
851 2735 1050 2816 graminibus
1065 2735 1107 2798 de
1122 2735 1266 2813 metallis,
1289 2734 1329 2816 de

264 2840 423 2923 lapidibus
446 2841 634 2903 remediales
657 2842 753 2903 etiam
777 2851 989 2925 extorqueret
1011 2843 1155 2906 effectus.
1193 2842 1230 2906 Id
1254 2863 1330 2906 suae

264 2949 368 3012 visum
391 2956 440 3011 est
462 2948 744 3030 superaddendum
768 2949 930 3026 scientiae,
953 2958 989 3012 ut
1004 2969 1064 3031 per
1078 2951 1253 3012 mixturam
1269 2948 1331 3013 cal·

264 3055 362 3119 lidam
384 3055 518 3119 venenis
547 3057 644 3119 etiam
675 3055 845 3118 mortiferis
868 3055 910 3117 ad
934 3075 1045 3119 curam
1067 3056 1227 3120 medicam
1249 3055 1330 3120 salu·

264 3163 366 3226 briter
388 3171 539 3226 uteretur.
569 3162 801 3226 Plasmaturam
818 3182 949 3246 quoque
972 3161 1110 3226 hominis
1133 3163 1174 3226 de
1196 3171 1331 3227 naturae

200 3273 243 3336 80
265 3269 476 3353 possibilitate
507 3271 669 3333 coniciens
698 3269 840 3353 quadam
870 3268 958 3332 velut
987 3269 1047 3333 sub
1078 3269 1217 3352 imagine
1246 3290 1331 3335 som·

265 3377 384 3453 niabat,
415 3396 488 3440 cum
511 3377 669 3441 venientis
691 3377 834 3442 Uraniae
864 3375 970 3439 radius
993 3376 1212 3458 praecucurrit
1234 3385 1268 3440 et
1290 3376 1331 3441 de

265 3484 361 3548 sontis
385 3484 527 3566 contigui
551 3483 796 3566 repercussione
820 3482 935 3546 saciem
958 3482 1193 3548 demonstravit
1216 3482 1331 3547 absen-

265 3591 314 3655 tis.
339 3627 382 3638 -
405 3591 495 3654 Prior
518 3591 615 3673 igitur
636 3590 800 3654 Theorica
823 3589 902 3652 duas
925 3588 1070 3671 hospites
1092 3610 1331 3673 recognoscens

265 3706 403 3762 matrem
425 3697 582 3774 sublevat,
615 3717 761 3759 sororem
785 3697 906 3760 excitat
929 3696 972 3759 ad
994 3697 1200 3779 surgendum.
1246 3694 1331 3761 Con·

200 3802 239 3871 85
266 3805 402 3868 curritur
430 3804 472 3868 ad
502 3803 645 3867 osculum
676 3813 709 3867 et
735 3804 799 3867 suis
821 3825 892 3867 sese
915 3803 1097 3868 nominibus
1120 3803 1331 3869 consalutant.

267 3909 392 3975 Collata
421 3919 470 3975 est
486 3932 583 3995 ,quae
612 3909 751 3975 debetur
780 3910 962 3993 hospitibus
991 3911 1172 3974 reverentia
1202 3931 1331 3994 suscep·

266 4018 364 4082 tandi.
409 4019 460 4082 Ire
491 4038 615 4083 sessum
647 4019 863 4082 commonitae
895 4018 1058 4082 succincte
1092 4017 1168 4101 quid
1200 4019 1331 4081 veniant

265 4133 509 4209 persequuntur.
553 4125 649 4189 Nulla
680 4127 711 4188 in
742 4125 883 4189 medium
914 4144 1015 4188 mora.
1060 4125 1104 4187 Et
1138 4144 1215 4187 ecce
1238 4124 1331 4207 Noys

266 4232 482 4314 praesentiam
504 4232 607 4296 intulit
629 4240 662 4295 et
685 4239 864 4295 monstrato
887 4230 1011 4294 silentio
1034 4232 1079 4293 sic
1102 4231 1221 4312 incipit.
