3020 4986
142 869 227 934 VIII.
250 832 429 952 Perspice
443 875 553 931 mente
568 886 682 949 sagara
692 886 776 951 quae
791 865 902 929 mundi
915 864 1019 929 sorma
1028 864 1209 950 quibusque

186 976 362 1041 Internexa
383 975 444 1039 sibi
466 975 530 1038 sint
552 974 712 1038 elementa
733 973 848 1037 modis.

145 1078 220 1164 Quo
243 1081 349 1148 studio
371 1082 466 1166 Noys
488 1080 573 1145 alma
595 1081 709 1145 rudem
731 1081 865 1164 digessit
890 1101 1051 1160 acervum,

187 1190 235 1255 Ut
256 1188 406 1254 stabilem
428 1195 563 1252 teneant
586 1189 844 1271 contingantque
866 1187 974 1254 fidem.

145 1292 232 1378 Quid
254 1295 368 1360 mediis
391 1303 540 1360 extrema
561 1294 650 1379 liget,
675 1294 752 1379 quid
774 1295 908 1360 foedera
929 1297 1051 1380 iungat,

189 1400 278 1484 Quid
301 1402 426 1466 caelum
447 1411 581 1467 moveat
604 1403 723 1487 quidve
746 1412 890 1467 moretur
912 1403 1055 1471 humum.

145 1509 321 1575 Astrorum
342 1518 450 1574 motus
472 1518 506 1574 et
528 1531 613 1593 quae
635 1510 677 1574 sit
699 1510 815 1593 cuique
837 1519 985 1596 potestas

189 1616 291 1682 Ortus
313 1626 347 1700 et
368 1637 512 1695 occasus,
534 1625 657 1700 puncta
678 1617 800 1700 gradus
824 1622 957 1686 numeri.

147 1723 212 1790 Cur
235 1723 376 1808 aplanon
400 1733 514 1789 contra
536 1733 690 1807 septenos
714 1725 842 1808 inpetus
866 1729 965 1794 orbes

190 1832 313 1897 Volvat
335 1841 369 1897 et
391 1832 553 1896 anfractus
575 1852 635 1914 per
657 1853 716 1895 sua
738 1833 833 1917 signa
854 1855 969 1919 vagos.

148 1939 212 2005 Cur
233 1942 372 2006 Veneris
394 1941 458 2004 sint
480 1939 665 2016 blanditiae,
689 1960 745 2003 cur
768 1943 891 2024 proelia
913 1944 1037 2024 Martis,

190 2049 329 2132 Frigora
352 2047 482 2111 Saturni
504 2047 742 2130 temperiesque
764 2049 859 2121 Iovis,

149 2152 243 2236 Quae
264 2154 340 2219 solis
361 2155 562 2239 Mecuriique
583 2153 743 2239 lunaeque
766 2166 922 2238 potestas,

191 2263 236 2328 Et
258 2283 323 2346 qua
345 2261 525 2326 discurrant
547 2261 642 2345 signa
664 2262 850 2347 gradusque
873 2288 975 2333 mora.
1088 2307 1106 2346 μ

151 2366 249 2452 Quod
271 2371 298 2433 si
320 2378 542 2452 praetemptas
565 2388 726 2446 numeros,
750 2371 776 2433 si
801 2374 939 2438 consulis
962 2383 1067 2440 artem

194 2474 282 2558 Quid
303 2477 401 2541 facies
423 2477 522 2540 series
545 2476 642 2539 detve
665 2487 806 2560 negetve
829 2481 960 2562 probat.

151 2583 215 2649 Cur
237 2585 421 2667 confringat
443 2583 556 2660 hiems,
578 2592 614 2646 ut
636 2583 726 2648 laxet
749 2593 873 2651 torreat
897 2598 1005 2654 aestas

194 2692 417 2776 Autumnique
439 2699 564 2755 metant
586 2700 744 2774 tempora,
768 2704 878 2759 mente
901 2696 1000 2762 vides.

152 2798 216 2864 Cur
237 2800 362 2884 gelidus
384 2799 503 2862 boreas
525 2797 671 2862 mollisve
693 2800 840 2865 favonius
864 2803 944 2868 alter

108 2925 110 2930 ’
194 2907 343 2972 Floribus
365 2906 534 2990 exspoliet,
557 2908 674 2970 vestiat
696 2906 778 2971 alter
801 2909 943 2976 humum.

154 3014 306 3098 Coniugis
328 3016 361 3078 in
383 3015 542 3098 gremium
564 3015 643 3077 Iove
665 3014 885 3080 descendente
908 3027 1061 3083 movetur

195 3122 337 3187 Mundus
360 3130 393 3186 et
415 3123 448 3185 in
471 3131 600 3204 partum
623 3131 740 3204 urgeat
762 3124 867 3186 omnis
890 3123 1033 3188 humum.

131 3229 364 3314 ¹Inveniatque
388 3228 487 3293 Ceres
510 3230 689 3312 quaesitam
713 3250 787 3293 cum
810 3230 880 3296 face
904 3231 1039 3315 prolem,

197 3339 241 3402 Et
263 3336 488 3420 proserpendo
511 3337 655 3420 proferat
676 3337 729 3400 illa
752 3346 860 3421 caput.

155 3445 191 3509 In
212 3445 298 3509 silvis
320 3444 477 3521 volucres,
500 3445 605 3527 pisces
628 3453 826 3528 generantur
850 3446 882 3508 in
906 3445 1009 3524 undiS,

197 3553 331 3616 Floreat
352 3553 457 3615 omnis
480 3572 569 3634 ager,
593 3550 708 3615 floreat
731 3571 829 3616 omne
852 3572 974 3617 nemus.

157 3658 251 3742 Quae
273 3659 428 3723 membris
450 3660 591 3722 animam
604 3660 737 3746 numeri
760 3660 929 3742 proportio
953 3659 1074 3741 iungat,

200 3770 247 3835 Ut
269 3789 321 3832 res
344 3767 510 3832 dissimiles
532 3767 621 3831 uniat
643 3788 725 3831 unus
748 3786 849 3831 amor.

159 3874 239 3940 Cmn
261 3884 391 3939 terrena
413 3894 499 3952 caro,
523 3894 597 3938 cum
618 3875 660 3937 sit
682 3893 774 3936 mens
797 3873 894 3956 ignea
916 3892 1054 3957 cumque

202 3985 294 4048 Haec
317 3983 425 4066 gravis
448 3981 500 4046 illa
521 4001 666 4066 movens,
688 3980 771 4044 haec
793 3979 897 4043 hebes
920 3979 971 4043 illa
993 3998 1107 4062 sagara

162 4090 354 4176 Simplicitas
376 4091 503 4155 animae
525 4090 571 4152 sic
593 4089 709 4152 transit
730 4089 763 4151 in
786 4087 979 4151 alteritatem

163 4304 227 4372 Sed
250 4327 334 4391 quae
357 4303 565 4388 conpedibus,
589 4323 673 4387 quae
696 4321 828 4402 carcere
850 4299 958 4364 clausa
978 4307 1107 4365 tenetur

204 4417 248 4480 Et
271 4415 347 4500 quia
369 4433 529 4496 corporea
550 4408 638 4475 mole
659 4407 786 4493 sepulta
808 4408 901 4471 iacet.

1031 4507 1067 4577 41
