3020 4986
258 387 301 452 38

233 651 235 656 Ι
256 565 459 631 libramento
490 563 545 626 Ex
567 584 607 626 eo
631 562 761 648 quidem
784 554 957 627 elevatiore
980 562 1121 646 signiferi
1143 561 1241 659 dorso
1264 560 1320 625 de-

257 673 395 757 spiciens
418 679 452 735 et
473 670 648 754 suspiciens
670 671 819 735 universa
842 690 902 736 nec
924 670 993 735 visu
1016 691 1078 734 nec
1092 671 1236 753 vestigiis
1257 689 1322 733 nec
1420 689 1423 694 ·

258 779 498 865 quaestionibus
520 779 642 842 invenit
664 779 860 862 requisitam.
892 776 1052 862 Supremo
1076 778 1173 860 igitur
1188 777 1321 841 consilio

258 886 299 950 ad
315 886 457 970 aplanon
472 885 612 949 destinat
628 885 832 962 veniendum,
855 885 1028 968 superioris
1051 893 1085 948 et
1106 885 1218 949 extimi
1241 883 1322 948 fina-

192 993 236 1056 80
257 993 303 1058 les
325 994 480 1058 terminos
502 992 705 1058 firmamenti.
750 991 880 1057 Aether
902 992 1070 1076 omnisque
1094 1012 1257 1074 compago
1279 991 1322 1054 si·

209 1155 210 1162 ,
258 1101 357 1166 derea
386 1121 453 1166 non
476 1099 666 1164 elementale
699 1108 748 1164 est
771 1101 984 1182 conpositum,
1007 1100 1065 1163 sed
1089 1099 1132 1163 ab
1156 1099 1323 1163 elementis

257 1228 392 1274 numero
413 1208 568 1294 quintum,
592 1208 705 1271 ordine
727 1209 874 1291 primum,
897 1228 1019 1290 genere
1034 1207 1184 1284 divinum,
1207 1215 1323 1271 natura

185 1400 189 1406 ι
257 1315 454 1382 invariabile.
500 1313 536 1379 Si
566 1315 652 1378 enim
682 1335 726 1378 ex
748 1315 923 1392 elementia,
946 1323 1062 1379 natura
1084 1334 1222 1399 quorum
1245 1333 1322 1376 con-

256 1422 419 1500 vertibilis,
435 1422 559 1488 caelum
574 1421 750 1505 stellaeque
766 1422 946 1504 caeligerae
960 1421 1230 1485 substantantiam
1246 1440 1322 1484 con·

193 1523 231 1592 85
257 1531 440 1607 traxissent,
464 1528 541 1593 nihil
564 1537 697 1606 certum,
721 1528 798 1592 nihil
820 1529 996 1593 veridicum
1018 1529 1211 1593 nuntiarent.
1254 1525 1321 1592 Cir·

258 1636 346 1702 culus
369 1637 465 1720 igitur
488 1643 521 1699 et
544 1636 685 1700 ambitor
712 1644 745 1698 et
768 1637 907 1700 extimus
930 1656 990 1699 nec
1015 1636 1145 1720 quidem
1167 1635 1250 1718 ignis
1271 1641 1323 1711 est

257 1765 319 1810 nec
348 1744 477 1827 ignitus.
522 1743 604 1808 Unis
634 1742 801 1828 isdemque
832 1764 961 1826 semper
990 1744 1032 1806 ad
1061 1751 1217 1826 punctum
1240 1741 1322 1805 redi·

257 1849 398 1917 tionibus
437 1851 690 1924 circumcurrens
728 1851 931 1934 planetarum
969 1850 1087 1933 globos
1118 1858 1152 1913 et
1184 1858 1343 1938 corpora*

258 1951 402 2023 violenta
429 1977 540 2021 secum
570 1956 741 2039 rapiditate
764 1958 934 2022 convertit.
979 1957 1053 2020 Hoc
1076 1957 1173 2039 igitur
1195 1957 1227 2020 in
1248 1955 1322 2019 loco

193 2077 238 2146 90
259 2063 503 2150 pantomorpho
526 2084 668 2146 persona
697 2065 776 2128 deus
798 2065 974 2128 venerabili
997 2073 1031 2129 et
1053 2065 1238 2147 decrepitae
1260 2063 1321 2154 sub

211 2187 213 2192 '
258 2172 399 2254 imagine
427 2171 601 2235 senectutis
630 2171 779 2235 occurrit.
824 2171 891 2234 Illic
914 2170 1058 2254 Oyarses
1088 2171 1220 2256 quidem
1251 2178 1322 2234 erat

260 2287 293 2342 et
314 2277 428 2361 genius
451 2278 484 2340 in
506 2285 610 2340 artem
632 2285 665 2340 et
687 2276 829 2341 officium
859 2279 992 2359 pictoris
1015 2287 1049 2341 et
1077 2277 1245 2361 figurantis
1267 2276 1323 2340 ad·

259 2385 371 2449 dictus.
417 2383 454 2448 In
477 2383 716 2447 subteriacente
745 2384 832 2448 enim
860 2385 982 2449 mundo
1005 2404 1113 2448 rerum
1135 2385 1233 2449 facies
1255 2385 1323 2448 uni·

259 2512 355 2555 versa
369 2490 494 2556 caelum
511 2491 656 2575 sequitur
677 2493 878 2576 sumptisque
894 2493 935 2555 de
958 2491 1048 2556 caelo
1071 2491 1324 2575 proprietatibus

193 2594 234 2682 95
260 2598 302 2672 ad
324 2599 498 2681 imaginem
514 2618 612 2683 quam
628 2599 797 2663 conversio
822 2598 956 2663 contulit
978 2600 1144 2682 figuratur.
1173 2600 1324 2682 Namque

259 2704 445 2788 inpossibile
474 2712 525 2768 est
552 2704 691 2768 formam
713 2724 812 2768 unam
835 2725 998 2789 quamque
1021 2706 1111 2770 alteri
1134 2706 1324 2769 simillimam

259 2811 347 2874 nasci
370 2810 524 2874 horarum
547 2819 580 2874 et
603 2809 765 2874 climatum
788 2811 979 2876 distantibus
1003 2814 1139 2894 punctis.
1180 2811 1324 2895 Oyarses

258 2918 356 3000 igitur
378 2917 484 2981 circuli
508 2937 605 3003 quem
628 2912 894 3001 pantomorphon
918 2917 1070 2996 Graecia,
1086 2917 1244 2983 Latinitas
1267 2939 1325 2982 no·

156 3055 159 3062 ·
259 3025 361 3088 minat
383 3024 617 3102 omniformem,
648 3024 768 3114 formas
791 3025 888 3089 rebus
911 3045 1025 3089 omnes
1047 3026 1197 3089 omnibus
1219 3034 1253 3089 et
1275 3046 1325 3088 as·

175 3145 238 3194 100
259 3132 363 3196 sociat
391 3141 424 3197 et
452 3131 594 3196 ascribit.
639 3131 738 3210 Heus,
768 3133 879 3216 inquit,
910 3155 930 3197 o
953 3133 1086 3210 Natura,
1115 3134 1157 3197 ed
1180 3134 1222 3197 ad
1245 3153 1325 3196 axes

260 3238 422 3304 astriferos
444 3239 610 3315 devenisti,
634 3238 734 3321 digna
762 3239 892 3324 quidem
921 3249 957 3304 tu
986 3239 1076 3304 caelo
1105 3240 1326 3324 recipiemus

260 3344 465 3430 qualitatibus
488 3353 522 3409 et
542 3346 629 3409 cuius
651 3346 797 3411 essentiis
819 3346 998 3411 indefessae
1020 3347 1126 3410 studio
1149 3346 1325 3411 sedulitatis

259 3452 402 3516 inservis.
435 3452 650 3516 Adsistricem
673 3452 913 3536 indigetemque
937 3454 1016 3518 caeli
1038 3454 1203 3531 Uraniam,
1227 3473 1325 3539 quam

256 3559 432 3645 quaeritas,
461 3579 535 3623 eam
564 3560 673 3642 aspice
702 3568 736 3623 te
765 3569 902 3643 propter
923 3560 1079 3625 adsistere
1101 3561 1257 3625 sideribus
1279 3561 1325 3625 in·

178 3661 236 3730 105
262 3665 406 3731 hiantem
439 3666 624 3751 reditusque
656 3667 820 3731 stellarum
850 3676 884 3732 et
919 3668 1081 3732 anfractus
1112 3669 1325 3752 temporarios

259 3773 320 3838 sub
349 3792 519 3836 numerum
547 3782 581 3838 et
611 3774 653 3838 ad
685 3782 789 3838 certas
819 3774 1055 3840 observationis
1084 3774 1211 3859 regulas
1241 3775 1326 3840 colli-

260 3887 401 3962 gentem.
435 3878 493 3943 Ad
516 3900 703 3953 consessum
725 3881 885 3946 sidereum
908 3891 942 3947 et
965 3890 1078 3946 contra
1101 3881 1194 3946 iubar
1216 3882 1325 3948 aethe·

259 3985 302 4048 ris
324 3985 525 4054 inaccessum
556 3995 681 4052 retusos
710 3996 744 4052 et
766 3989 955 4053 coniventes
979 3968 1090 4053 oculos
1112 3990 1239 4055 Natura
1261 4011 1326 4075 qua

259 4100 391 4176 poterat
419 4092 619 4158 intendebat.
675 4094 798 4160 Urania
828 4095 1012 4160 venientem
1044 4104 1077 4160 et
1109 4096 1186 4180 quid
1216 4097 1326 4161 veniat

176 4212 239 4263 110
259 4199 370 4282 primis
392 4201 576 4284 aspectibus
598 4202 799 4285 recognovit
828 4203 1013 4284 Intercepto
1028 4202 1194 4268 salutantis
1216 4203 1324 4270 officio

259 4316 430 4390 parantem
452 4308 559 4374 dicere
582 4310 713 4396 ingenio
737 4310 892 4376 diviniore
914 4311 1092 4397 praevenit.
