2978 4990
116 602 241 668 Militat
263 605 297 668 in
318 602 479 682 thalamis,
500 613 615 670 tenero
636 605 780 670 deservit
801 608 903 670 amori

164 711 295 789 Tactus,
318 720 352 776 et
373 722 489 796 argute
510 734 610 796 saepe
631 715 777 797 probare
794 713 889 776 solet.

111 817 190 882 Aut
212 819 371 902 castigato
392 819 526 902 planum
548 821 610 884 sub
633 830 769 904 pectore
789 828 947 897 ventrem

163 925 233 991 Aut
255 927 289 990 in
311 925 459 1009 virgineo
482 946 620 1010 corpore
642 927 739 991 molle
760 927 874 991 semin.

111 1246 292 1331 Dignaque
313 1257 390 1332 post
411 1250 581 1313 cerebrum
603 1249 749 1333 sequiurr
770 1248 955 1314 substantia
976 1249 1093 1327 oordis,

162 1352 320 1437 Quamvis
342 1365 376 1420 et
397 1356 430 1420 in
453 1358 589 1420 cerebro
612 1356 768 1432 conserat,
790 1355 879 1419 unde
899 1355 1000 1439 viget

111 1460 271 1543 Corporis
293 1464 415 1546 ignitus
436 1464 549 1540 lomes,
572 1464 679 1527 vitalis
700 1463 858 1540 alumnus,

160 1567 266 1634 Causa
288 1591 404 1635 creans
425 1592 540 1636 sensus
562 1571 807 1666 conciliansque
827 1569 921 1634 fides

109 1677 287 1741 Humanae
308 1678 414 1741 nodus
436 1678 638 1760 conpaginis,
659 1698 783 1741 ancora
804 1677 908 1754 venis,

157 1784 349 1849 Fundamen
372 1785 480 1849 nervis
502 1785 693 1868 arteriisque
713 1793 821 1848 tenor.

107 1891 257 1955 Naturae
279 1891 437 1968 columen,
459 1914 520 1955 rex
542 1901 576 1956 et
597 1893 738 1956 dictator
759 1900 794 1954 et
815 1899 938 1969 auctor,

155 1998 313 2062 Patricius
334 2008 405 2062 tota
427 2000 573 2082 corporis
595 2000 677 2062 urbe
699 1998 748 2062 sui

107 2103 234 2169 Visitat
255 2125 300 2168 ex
320 2107 429 2170 medio
451 2115 562 2189 partes
584 2127 765 2190 sensusque
786 2106 965 2182 ministros,

154 2212 195 2276 In
217 2212 279 2276 sibi
301 2214 503 2296 praescripto
525 2234 662 2278 munere
683 2232 848 2297 quemque
870 2221 970 2275 tenet.

109 2315 170 2382 Cui
195 2327 309 2401 pectus
331 2321 496 2403 penetrale
518 2340 648 2384 sacrum
668 2320 870 2402 dignumque
892 2318 1047 2383 ooloxum

154 2425 330 2509 Regnandi
352 2428 448 2491 sedes
469 2426 663 2510 imperiique
684 2427 831 2490 thronus.

105 2533 233 2596 Fomra
254 2534 316 2596 sibi
339 2534 468 2617 qualem
489 2555 665 2617 germanus
686 2531 876 2596 commodat
897 2532 992 2614 ignis,

155 2636 255 2702 Cuius
278 2641 311 2704 in
338 2650 450 2705 erecta
471 2641 607 2724 cuspide
629 2641 732 2723 surgit
754 2659 851 2722 apere

104 2746 239 2809 Fortius
255 2747 336 2829 ¹igne
358 2769 418 2812 suo
440 2769 492 2811 res
513 2748 637 2812 fervida
658 2748 763 2831 possit
784 2746 894 2810 abuti:

151 2853 307 2917 Ferventi
329 2855 477 2919 madidus
498 2855 609 2937 pulmo
631 2863 777 2938 reportat
798 2873 907 2935 opem

103 2958 219 3024 Mollis
243 2969 276 3023 et
298 2963 402 3025 aerius
424 2982 518 3026 secus
541 2971 575 3026 et
596 2961 771 3025 lateraliter
792 2960 897 3024 ambit

150 3067 317 3130 Humecta
339 3068 477 3132 calidum
498 3069 673 3152 frigiditate
695 3069 819 3132 iuvans

103 3177 161 3240 Ira
186 3173 248 3238 sub
272 3173 376 3255 ignito
398 3176 498 3238 oorde
520 3185 579 3251 est,
601 3174 784 3257 genialibus
805 3193 865 3238 usa

150 3279 294 3344 Sedibus
317 3289 350 3344 et
371 3281 506 3344 multum
527 3281 748 3364 morigerante
769 3281 882 3345 domo.

102 3387 176 3453 Cor
197 3395 315 3470 tangat
335 3387 387 3451 vel
410 3409 507 3452 causa
527 3388 623 3452 levis:
645 3389 837 3452 nausiernn
859 3387 903 3452 ad
923 3409 1039 3454 omnes

150 3493 309 3576 Corporis
330 3494 481 3558 articulos
503 3495 694 3577 particulata
714 3495 793 3558 lues.

99 3603 179 3666 Nec
201 3600 326 3664 laesum
347 3600 502 3684 languere
524 3602 616 3678 solet,
639 3601 699 3665 sed
720 3622 827 3684 paene
848 3602 970 3667 doloris

149 3707 325 3790 Anticipat
346 3728 477 3772 sensum
499 3709 779 3793 praemoriturque
800 3709 896 3775 malo.

58 4061 69 4078 ·
101 4029 251 4096 Humida
271 4028 322 4092 vis
344 4029 522 4108 cerebrum,
545 4050 604 4094 cor
624 4030 732 4114 ignea,
754 4030 877 4096 mortis
898 4039 1038 4118 utroque

149 4135 271 4201 Aetius
293 4136 426 4220 sanguis
447 4137 544 4201 molle
566 4137 689 4201 creavit
712 4158 801 4220 epar.
1011 4139 1014 4146 '
1061 4144 1067 4154 '

101 4245 264 4312 Bibosum
285 4242 454 4329 formaque
476 4263 593 4308 cavum
615 4244 832 4327 diairagmate
853 4244 972 4312 dextro

150 4351 239 4415 Hinc
262 4349 346 4413 illinc
369 4350 473 4434 spleni
494 4351 609 4416 limitat
631 4361 665 4416 et
686 4351 869 4416 stomacho.
