3020 4986
292 461 346 550 ,36

23 613 26 631 ¹
96 610 131 730 Ι,
171 627 204 724 '3
303 639 454 725 quoniam
483 659 543 722 par
573 647 621 701 est
650 636 837 721 diligentem
867 636 1017 721 opificem
1043 638 1229 705 claudentes
1253 645 1365 720 partes

61 726 66 740 ’
125 735 129 743 ’
201 731 204 739 Α
237 744 408 829 5=operis
438 745 538 829 digna
568 746 844 810 consummatione
876 744 976 824 finire,
1007 747 1111 810 visum
1142 755 1193 810 est
1221 744 1299 809 mihi
1330 746 1377 840 in¹

300 853 431 918 homine
453 853 615 917 fortunam
636 851 861 938 honoremque
884 853 991 935 operis
1019 853 1364 966 lesmlffiffiffffflssessss

1 832 116 882 ,fl

299 961 435 1024 sioribus
465 979 538 1024 eum
567 958 740 1037 beneficiis
764 959 999 1043 inpensioribus
1022 980 1096 1026 eum
1119 943 1291 1044 conpleam
1301 947 1364 1022 ⁴⁴m⁴¹

114 1039 240 1154 perp.
299 1049 478 1146 c'rementis,
506 1076 542 1131 ut
569 1067 723 1131 universis
752 1087 773 1130 a
802 1086 855 1131 me
882 1066 974 1131 lactis
1005 1067 1197 1177 animplibus
1219 1066 1364 1152 quodam

299 1174 390 1259 quasi
412 1174 582 1282 dignitatip
598 1172 766 1268 priuilegio
790 1181 824 1237 et
846 1174 1066 1274 singulariqme
1089 1141 1264 1239 cdlc‘e‘rtet.
1294 1175 1364 1238 Ve-

236 1299 276 1350 10
298 1290 479 1350 rumtamen
501 1281 533 1345 in
552 1251 704 1371 iugandis
724 1279 896 1366 principiis,
929 1282 961 1345 in
984 1249 1117 1366 rig‘intis
1140 1281 1239 1347 silvae
1262 1281 1364 1364 parti-

297 1389 358 1453 bus
373 1353 803 1474 Ceilc'ol'ilidis‘adversusque
823 1409 937 1453 omnes
960 1389 1207 1473 inportunitates
1229 1408 1363 1453 manum

297 1517 361 1580 ego
383 1516 491 1566 meam
512 1504 681 1579 potentem
704 1497 849 1580 apposui,
877 1497 952 1581 quia
974 1516 1082 1560 rerum
1104 1496 1280 1560 necessitas
1303 1516 1363 1559 ex-

296 1604 439 1689 petebat
467 1602 749 1718 Ventumoecsptqql
771 1602 936 1714 homp'nem
960 1604 1001 1682 ¹in
1024 1604 1112 1668 cuius
1135 1603 1362 1685 conpositione

296 1711 420 1776 bonum
435 1712 604 1807 mihipqp
646 1675 771 1795 isplicdt
793 1712 818 1775 si
842 1653 1112 1777 diffidens
1128 1730 1264 1795 operam
1279 1730 1369 1795 quo·¹
1507 1769 1508 1784 ,

234 1818 270 1887 15
296 1839 360 1903 que
382 1781 656 1884 suaeiidullialns
678 1817 867 1922 adiupgat„
884 1819 1055 1930 prrpnae
1078 1817 1209 1928 qpidem
1231 1791 1365 1944 qeppenss
1412 1813 1417 1820 ’
1443 1791 1447 1809 ’
1507 1797 1508 1824 ¹

295 1933 361 1990 tem
393 1927 520 1991 animae
551 1934 584 1990 et
615 1925 756 1990 inanima
787 1881 1090 2052 illllaff‘lvllrlchtalis
1122 1897 1275 1991 tletellrae
1305 1892 1361 1988 let

294 2033 400 2098 facere
431 2033 483 2098 vel
511 2032 654 2110 fundare,
685 2041 855 2118 utrumque
881 1998 1174 2099 'illiti11liii''''iilae
1197 2030 1361 2114 singulare

294 2140 463 2224 perspicio,
487 2140 562 2256 quia
583 2139 923 2258 l‘lnwss‘llaelrluffi
939 2141 1073 2217 Natura,
1097 2139 1302 2222 prudentiam
1323 2145 1360 2201 et

295 2247 383 2311 cuius
404 2246 482 2312 velis
506 2211 842 2311 diffiin'ifflaiiltaieil
858 2193 1178 2312 sicuilestimatione
1193 2245 1357 2330 ponderis,
1453 2289 1457 2298 .
1508 2257 1509 2278 ¹

229 2371 273 2422 20
295 2355 340 2418 sic
363 2354 556 2419 auctoritate
579 2353 753 2418 maiestatis
777 2353 915 2419 excedit.
953 2354 1047 2420 Velle
1069 2373 1178 2419 meum
1202 2361 1251 2417 est
1272 2352 1355 2418 Ura·

293 2461 388 2540 niam,
402 2461 533 2546 Physin,
547 2469 716 2546 utramque
731 2461 840 2538 sciam,
856 2470 1025 2546 utramque
1042 2460 1220 2544 providam,
1236 2468 1354 2524 utram-

293 2590 357 2654 que
372 2569 414 2634 ad
437 2569 469 2632 id
485 2590 550 2654 quo
565 2569 607 2632 de
629 2569 735 2651 agitur
756 2569 892 2651 ingeniis
913 2567 1109 2651 expeditam,
1131 2568 1187 2632 ubi
1207 2566 1354 2631 locorum

291 2675 416 2754 fuerint,
444 2685 510 2753 tu0,
538 2675 672 2752 Natura,
702 2675 817 2752 studio,
846 2684 903 2739 tuo
932 2674 1045 2739 labore
1075 2675 1226 2760 perquiri.
1270 2673 1353 2739 Ura·

292 2783 379 2848 niam
399 2783 522 2848 sedium
544 2802 690 2846 mearum
713 2781 919 2862 adsistricem,
948 2783 1069 2867 Physin
1097 2783 1129 2847 in
1151 2779 1353 2846 inferioribus

226 2891 266 2960 25
291 2890 432 2975 reperies
461 2897 717 2954 conversantem.
747 2927 791 2938 —
820 2889 877 2954 Ad
908 2890 990 2955 haec
1012 2891 1138 2954 Natura
1159 2886 1352 2972 gratulantis

290 2997 379 3062 vultu
407 2997 528 3081 pariter
557 3005 590 3061 et
617 2995 754 3084 volentis
785 2999 895 3062 amicis
916 2997 1141 3080 providentiae
1162 2994 1353 3060 iussionibus

290 3103 436 3170 officiosa
457 3104 628 3169 concurrit.
672 3101 763 3185 'Quid
792 3106 878 3169 enim
907 3106 1030 3188 gratius
1052 3103 1231 3187 accepisset
1253 3121 1352 3187 quam

290 3211 495 3289 creationem,
519 3232 617 3296 quam
639 3211 778 3275 hominis
800 3211 1039 3294 plasmaturam,
1055 3233 1136 3297 quas
1155 3209 1279 3275 vocatis
1301 3229 1352 3272 ar·

288 3318 427 3384 tificibus
449 3319 486 3382 iri
508 3318 664 3402 prospicit
685 3323 914 3402 properatum?
958 3320 1114 3386 Uraniam
1135 3319 1239 3402 igitur,
1262 3315 1352 3401 quod

223 3428 267 3497 30
289 3428 331 3493 de
353 3434 529 3511 personatu
552 3424 688 3509 dignior,
718 3425 806 3510 quod
834 3428 1002 3491 mansione
1023 3427 1157 3510 propior
1180 3424 1352 3500 videretur,

287 3535 320 3600 in
342 3535 453 3618 primis
476 3533 670 3616 investigare
692 3531 857 3616 disposuit.
894 3531 993 3598 Caelo
1007 3533 1082 3598 licet
1097 3533 1268 3597 mansitare
1282 3549 1350 3594 non

287 3642 422 3719 dubitet,
446 3661 589 3706 errorem
612 3649 721 3704 tamen
752 3642 858 3724 potuit
887 3641 1109 3725 ambagesque
1134 3639 1237 3704 itineri
1258 3637 1349 3702 locus

286 3750 431 3814 diffusior
452 3749 626 3831 inportare.
673 3745 772 3812 Omni
799 3746 865 3812 lato
897 3746 991 3812 latior
1017 3756 1067 3812 est
1095 3743 1350 3810 circumferentia

286 3855 489 3921 firmamenti.
536 3851 618 3918 Cum
648 3855 707 3918 toti
739 3853 830 3918 caelo
860 3855 989 3931 debeat,
1021 3854 1145 3918 cunctis
1166 3853 1287 3918 debeat
1308 3853 1348 3915 si·

220 3963 260 4032 35
286 3963 416 4028 deribus
430 3961 553 4028 Urania
575 3962 738 4038 interesse,
762 3961 847 4025 unde
870 3962 952 4026 scire
975 3962 1089 4045 potuit,
1110 3981 1190 4045 quas
1214 3981 1257 4024 ex
1280 3959 1347 4044 qui-

285 4069 346 4135 bus
368 4078 478 4154 partes
500 4066 655 4132 incoleret
676 4067 839 4150 potiores?
853 4105 896 4118 -—
910 4068 1073 4132 Anastros
1094 4066 1232 4131 incaelo
1255 4066 1346 4150 regio

284 4185 335 4242 est
363 4176 404 4240 ad
435 4176 526 4240 unius
555 4173 688 4238 modum
711 4174 871 4259 qualitatis
901 4175 1009 4253 affixa,
1035 4173 1345 4250 indelectolumine,

284 4283 455 4350 serenitate
486 4290 653 4366 perpetua,
685 4280 858 4347 aethereae
885 4283 1015 4366 puritati
1045 4281 1284 4348 conterminans
1312 4287 1346 4345 et

285 4391 396 4458 affinis.
435 4389 594 4454 invenitur
626 4390 722 4456 etiam
754 4389 907 4474 qualitate
939 4389 1121 4455 conformis.
1168 4390 1217 4454 Ea
1248 4389 1345 4474 igitur
