3020 4986
284 407 327 475 52

214 584 253 653 35
279 586 337 650 Ad
360 585 467 650 natale
491 586 592 662 iubar,
616 584 657 649 ad
681 605 784 668 regna
807 593 944 667 paterna
967 583 1093 659 redibit,

326 692 361 756 Si
383 693 495 776 sapiat,
518 693 544 755 si
568 711 635 755 non
658 690 718 754 sub
742 691 818 774 iuga
841 690 946 753 carnis
969 698 1031 753 eat.

281 796 369 880 Quid
390 799 488 862 morti
510 797 639 875 licitum,
664 817 748 881 quae
770 797 883 860 mortis
907 816 1013 874 causa,
1037 796 1107 880 quis
1130 814 1230 874 amor,

324 905 431 969 Altius
454 903 609 969 evolvens
631 902 896 985 philosophando
918 902 1003 967 vide.

280 1008 358 1094 Quo
379 1011 479 1076 trahit
501 1011 626 1094 inperio
649 1009 827 1094 sorbetque
849 1010 1015 1093 voragine,
1032 1008 1184 1095 quicquid

213 1138 259 1204 40
324 1117 419 1183 Aura
440 1118 535 1196 levat,
558 1117 651 1182 tellus
675 1118 819 1194 sustinet,
843 1138 967 1202 aequor
989 1116 1053 1181 alit.

281 1223 316 1290 Si
340 1233 451 1290 tamen
474 1226 622 1314 inspiciat
645 1233 785 1309 quatuor
807 1244 900 1288 mens
924 1243 1090 1309 consequa
1111 1224 1188 1302 veri,

323 1333 409 1398 Rern
431 1333 539 1416 privat
561 1332 674 1409 forma,
697 1352 765 1395 non
788 1332 873 1414 rapit
896 1353 966 1396 esse
988 1332 1045 1396 rei.

278 1442 347 1506 Res
368 1441 486 1505 cadem
507 1439 653 1504 subiecta
676 1450 795 1518 nranet,
820 1439 883 1502 sed
892 1441 1013 1522 forma
1035 1450 1195 1524 vagatur,

325 1549 436 1632 Atque
458 1547 512 1611 rei
530 1567 646 1612 nomen
669 1547 732 1610 dat
751 1567 838 1610 nova
851 1547 973 1628 forma
995 1567 1125 1612 novum.

212 1654 253 1739 45
280 1657 405 1721 Forma
419 1653 513 1738 fluat,
540 1665 654 1718 manet
672 1676 742 1717 esse
764 1653 819 1716 rei
836 1653 1014 1737 mortisque
1035 1661 1182 1737 potestas

324 1760 378 1825 Nil
400 1761 537 1844 perimit,
560 1760 618 1824 sed
641 1780 693 1824 res
716 1759 870 1824 dissociat
891 1761 997 1824 socias

281 1865 369 1951 Quid
391 1889 451 1951 per
473 1889 509 1932 se
531 1866 668 1950 placeat,
692 1888 776 1952 quae
798 1867 862 1930 sint
885 1866 1013 1932 aliunde
1035 1867 1187 1950 petenda,

325 1972 413 2056 Quid
435 1974 561 2053 deceat,
585 1973 663 2060 quid
685 1995 760 2052 non,
783 1973 1047 2058 philosophando
1070 1975 1153 2041 vide.

280 2082 436 2149 Iniustum
458 2083 542 2147 iusto
566 2080 647 2146 flore
669 2080 854 2147 discernere
875 2102 989 2147 verum
1177 2085 1182 2099 ‘

216 2192 259 2264 5ο
325 2188 447 2256 Sedula
469 2189 643 2274 provideas
666 2198 700 2254 et
722 2191 848 2256 ratione
870 2191 1002 2274 probes.

367 2510 424 2578 IX.
452 2477 619 2583 Ventum
642 2522 713 2580 erat
735 2515 819 2579 inter
841 2512 1099 2599 colloquendum,
1128 2513 1184 2579 ubi
1207 2521 1278 2579 erat
1299 2512 1345 2580 in·

278 2619 375 2686 ferior
396 2621 523 2687 Aeoliis
558 2622 710 2688 fratribus
745 2622 838 2706 regio
868 2621 1036 2687 decertata
1065 2642 1152 2687 nunc
1181 2621 1345 2706 rigescens

278 2749 365 2794 nunc
395 2730 606 2809 adaestuans,
637 2731 812 2796 verberata
849 2750 948 2814 saepe
979 2730 1191 2814 grandinibus
1222 2729 1344 2807 collisis,

277 2857 377 2920 saepe
406 2839 547 2904 nubibus
575 2839 731 2903 intonata
776 2838 828 2902 De
856 2837 944 2901 cuius
974 2838 1201 2923 inaequalitate
1223 2838 1345 2904 Urania

236 2950 252 3022 5
278 2947 471 3029 constupuit‚
503 2969 587 3033 quae
616 2947 694 3011 nihil
723 2947 907 3011 insueverat
936 2947 969 3009 in
997 2947 1125 3012 diversa
1156 2947 1345 3014 traducibile

277 3054 330 3120 vel
361 3055 551 3141 discrepans
583 3080 603 3122 a
634 3058 815 3143 tranquillo.
868 3059 969 3124 Videt
1005 3057 1163 3121 lubricam
1196 3056 1344 3122 elementi

278 3163 494 3229 substantiam
517 3166 559 3230 ad
582 3187 696 3231 omnes
719 3166 956 3231 contrarietatis
977 3167 1188 3231 incurrentias
1210 3186 1344 3250 conver·

264 3253 355 3336 'tibili
385 3271 540 3356 qualitate
569 3275 703 3338 mutari:
732 3293 819 3338 nunc
848 3273 970 3338 offendi
998 3272 1111 3356 pluviis
1141 3296 1185 3338 ex
1208 3272 1344 3338 Oceano

278 3382 474 3464 conparatis,
497 3402 582 3446 nunc
598 3382 725 3446 densari
741 3381 866 3446 nebulis
889 3402 970 3465 quas
992 3390 1079 3446 terra
1101 3384 1238 3466 parturit
1260 3403 1344 3446 cras·

213 3506 255 3555 10
275 3490 387 3556 siores.
423 3487 517 3571 Quae
534 3490 664 3575 quidem
686 3491 796 3554 omnia
817 3498 972 3574 quantum
984 3489 1094 3554 ‘obvia
1114 3490 1344 3575 consuetudini,

276 3605 402 3660 tantum
432 3617 534 3681 aegra
563 3599 680 3674 animo,
713 3606 838 3661 tantum
862 3599 1024 3662 contraria
1045 3599 1170 3662 visioni.
1200 3597 1276 3667 ,Illis
1298 3600 1344 3662 in·

274 3713 385 3768 natam
408 3704 595 3787 regionibus
618 3706 866 3769 inconstantiam
881 3705 1096 3770 abhorrentes
1112 3706 1343 3773 elementorum

274 3812 419 3875 excursis
442 3813 617 3876 interstitiis
640 3812 704 3875 iam
727 3811 871 3876 florentis
893 3821 1000 3877 terrae
1023 3815 1148 3896 gremio
1169 3815 1342 3878 sonsistere

273 3918 529 3982 contendebant.
545 3955 587 3966 ·-·
606 3918 789 3983 Granusion
811 3919 901 3984 locus
924 3929 973 3984 est
996 3940 1092 3984 eoum
1113 3921 1155 3985 ad
1178 3922 1342 3985 cardinem

210 4021 247 4090 15
272 4026 431 4089 secretior
463 4027 496 4090 in
529 4026 674 4090 reducto.
720 4027 751 4090 Is
784 4028 914 4110 quidem
944 4028 985 4090 de
1017 4029 1155 4093 recentis
1187 4030 1342 4113 puerique

270 4131 346 4196 solis
374 4132 587 4197 teneritudine
617 4133 793 4197 feliciorem
828 4135 913 4198 aeris
935 4137 1126 4218 temperiem
1150 4145 1341 4200 consecutus

270 4247 305 4302 et
325 4239 454 4304 virescit
476 4241 518 4304 ad
541 4261 678 4324 gramen
702 4250 735 4304 et
757 4243 919 4324 germinat
936 4242 977 4306 ad
1000 4242 1240 4307 fecunditatem.
1270 4243 1336 4306 No·

269 4366 346 4412 men
374 4347 448 4415 loco
471 4347 671 4426 Granusi0n‚
700 4350 777 4434 quia
798 4351 982 4433 graminum
1005 4349 1243 4416 diversitatibus
1267 4370 1340 4434 per·
