3020 4986
259 442 304 509 40

194 602 234 672 35
260 602 355 688 Quae
377 603 418 666 sit
439 602 472 666 in
495 600 627 666 arbitrio
650 620 701 664 res
722 598 824 664 libera
847 596 964 683 quidve
986 615 1126 673 necesse,

304 708 391 793 Quid
414 708 510 773 cadat
532 707 691 790 ambiguis
713 706 774 771 sub
798 706 933 770 casibus,

258 818 353 882 More
375 815 573 881 recordantis
596 834 694 900 quam
716 813 817 877 multa
838 813 971 890 reducet
993 829 1113 886 eorum,

304 922 399 1006 Quae
421 931 532 987 cernet
554 922 681 1003 penitus
702 941 769 984 non
791 921 956 983 inmemor.

259 1032 398 1115 Ingeniis
421 1031 593 1114 animoque
615 1029 695 1092 deos
718 1028 905 1112 caelumque
927 1034 1087 1111 sequetur,

193 1153 239 1218 40
304 1139 351 1204 Ut
372 1139 486 1222 regina
507 1156 600 1201 suum
621 1156 680 1199 vas
702 1134 827 1211 incolet,

261 1243 355 1327 Quae
377 1247 476 1309 virtus
498 1243 595 1309 stellis
618 1251 652 1307 et
674 1251 795 1327 quanta
817 1241 963 1323 potentia
986 1238 1075 1304 caelo

303 1352 347 1416 Et
369 1353 439 1436 quis
462 1350 593 1415 sidereis
614 1349 710 1431 vigor
732 1348 857 1412 axibus.

260 1456 347 1542 Quid
369 1456 499 1521 valeant
520 1455 616 1520 radiis
639 1456 703 1519 duo
726 1453 853 1536 lumina,
877 1454 1016 1539 quinque
1038 1452 1196 1536 planetae,
1218 1511 1220 1515 .
1254 1436 1256 1444 ’

304 1563 430 1629 Sentiet
451 1563 634 1647 ingrediens
656 1583 714 1626 vas
738 1563 891 1645 corporis.

193 1670 234 1754 45
260 1672 312 1736 De
334 1671 425 1735 caelo
448 1671 590 1755 speciem
612 1668 717 1734 vultus
739 1670 899 1754 animique
922 1669 1075 1732 decorem

304 1780 348 1843 Et
370 1798 496 1842 morum
519 1797 631 1842 causas
652 1758 714 1841 sibi
737 1776 917 1841 contrahet.
1038 1853 1042 1860 Ι

259 1885 404 1970 Legibus
427 1893 586 1949 astrorum
608 1883 736 1948 vivendi
759 1893 909 1967 tempora
930 1891 1044 1946 nactus

294 1987 516 2077 ‚Extremique
538 1993 624 2056 viam
646 1991 843 2055 discriminis.

261 2098 407 2183 Corpore
429 2100 494 2163 iam
515 2099 622 2183 posito
646 2107 788 2182 cognata
810 2096 926 2162 redibit
949 2095 990 2160 ad
1014 2103 1101 2160 astra

197 2203 239 2272 50
305 2205 446 2270 Additus
468 2206 501 2269 in
522 2227 658 2270 numero
680 2203 832 2288 superum
853 2204 942 2269 deus.

261 2312 316 2378 Sic
338 2314 406 2391 erit,
429 2312 513 2376 adde
535 2313 642 2404 fidem,
665 2332 740 2377 mea
760 2333 829 2376 vox
850 2311 1032 2394 plenissima
1054 2309 1131 2374 ueri.

305 2418 419 2485 Sidera
441 2420 567 2485 mentiri
589 2440 651 2484 nec
674 2420 759 2484 enim
781 2419 864 2484 licet.

259 2527 283 2605 I,
304 2526 437 2605 Natura,
459 2547 585 2612 sequar,
608 2546 669 2591 nec
691 2527 777 2590 enim
798 2546 901 2609 vagus
923 2523 1042 2589 incidet
1064 2543 1162 2600 error,

306 2631 342 2699 Si
364 2633 488 2699 directa
508 2634 570 2698 tuis
592 2634 645 2698 via
667 2631 824 2698 ductibus.

347 2935 391 3000 V.
420 2899 593 3004 Divinam
623 2935 720 3019 igitur
749 2937 957 3019 interpretem
980 2938 1103 3001 Natura
1126 2937 1318 3019 constupuit.

260 3040 370 3126 Quam
400 3051 433 3107 et
463 3063 544 3126 opus
575 3052 608 3108 et
638 3063 749 3108 causas
772 3045 879 3128 operis
901 3046 1097 3128 modumque
1120 3045 1319 3108 executionis

260 3149 407 3232 intelligit
429 3159 659 3234 exponentem.
696 3149 840 3234 Captatis
863 3153 972 3236 itaque
995 3173 1061 3216 non
1083 3151 1231 3216 interfata
1254 3151 1318 3214 col·

259 3256 374 3342 loquiis
405 3256 447 3322 ad
476 3266 704 3322 concurrentes
733 3258 889 3322 voluntati
918 3279 996 3322 suae
1024 3259 1198 3323 sententias
1224 3267 1318 3341 gestu

218 3358 235 3428 5
262 3364 404 3450 quodam
427 3373 462 3429 ut
484 3366 603 3430 assolet
625 3373 658 3430 et
680 3366 809 3430 nutibus
824 3366 1051 3449 applaudebat.
1068 3365 1134 3455 *Ad
1157 3374 1224 3430 tam
1247 3386 1318 3428 san-

262 3478 350 3534 ctum
372 3471 468 3554 igitur
498 3481 530 3536 et
559 3473 742 3555 religiosum
764 3494 846 3556 opus
868 3474 980 3538 itinere
1003 3472 1162 3537 destinato
1185 3481 1220 3537 ut
1242 3491 1318 3535 con·

261 3598 385 3643 cessam
415 3577 503 3662 apud
525 3600 659 3662 superos
688 3579 850 3645 licentiam
872 3589 905 3645 et
928 3581 1101 3662 auspicium
1123 3581 1319 3645 insumerent

259 3686 441 3763 recedendi,
455 3685 533 3749 locis
552 3686 650 3769 longe
667 3687 861 3770 corpulentis
883 3688 1057 3771 sepositam
1080 3696 1113 3751 et
1135 3687 1318 3751 absractam

260 3793 388 3876 purgati
421 3792 622 3877 defecatique
660 3793 785 3858 luminis
817 3795 979 3859 introeunt
1009 3795 1217 3858 mansionem.
1269 3794 1318 3858 Ibi

122 3963 125 3968 .
199 3911 239 3963 10
260 3899 375 3963 summi
398 3907 432 3964 et
453 3901 725 3982 superessentialis
747 3901 810 3964 Dei
832 3902 1006 3965 sacrarium
1028 3910 1086 3978 est,
1108 3902 1134 3965 si
1157 3901 1319 3985 theologis

259 4005 358 4070 fidem
373 4007 532 4089 praebeas
547 4009 753 4090 argumentis.
776 4008 905 4073 Dextra
918 4007 1054 4093 levaque
1070 4008 1194 4073 caelum
1208 4007 1327 4074 aethe.

260 4113 323 4177 reis
345 4113 523 4199 divinisque
546 4114 760 4197 potestatibus
782 4114 971 4180 habitatum.
1018 4113 1166 4198 Quorum
1188 4116 1317 4201 quidem

260 4219 426 4285 ordinibus
448 4241 508 4303 per
523 4221 669 4287 ordinem
685 4221 848 4288 collocatis
870 4244 951 4288 unus
974 4223 1108 4309 quisque
1122 4222 1164 4287 de
1184 4223 1318 4307 superis,

260 4326 302 4392 de
323 4327 535 4407 medioximis,
551 4328 592 4393 de
614 4329 729 4394 infimis
748 4331 878 4418 ascripti
892 4330 1000 4417 legem
1014 4332 1154 4398 muneris
1168 4350 1317 4415 pensum-
