3020 4986
1129 432 1170 495 41

111 620 183 683 que
206 598 253 661 sui
275 598 382 682 operis
404 596 618 680 recognoscit.
664 592 897 678 Contingentes
928 594 1064 658 invicem
1086 615 1175 658 man·
1202 591 1238 659 15

109 708 226 770 siones
249 715 281 768 et
303 705 387 769 linea
412 704 658 768 continuationis
680 723 824 768 annexas
846 703 1008 767 uniformis
1029 703 1177 786 pervadit

110 814 259 896 spirituS,
295 814 348 897 qui
377 813 461 876 vires
490 811 606 875 sufficit
634 812 796 875 universis.
848 812 1081 876 Verumtamen
1109 832 1177 877 non
1224 826 1225 829 ’

109 919 316 984 uniformiter
338 941 358 983 a
379 920 490 1002 spiritu
513 919 688 1001 suscipiunt
709 918 865 982 uniformi.
907 915 971 999 Qui
994 919 1080 983 enim
1095 939 1176 1001 pro·

110 1027 227 1111 piores
249 1028 291 1091 ad
308 1047 492 1090 consessum
508 1027 681 1091 divinitatis
702 1027 857 1090 adsistunt
879 1025 1005 1089 nudatis
1027 1026 1176 1090 ostensis·

111 1155 183 1218 que
206 1135 365 1199 interdum
388 1134 533 1210 consiliis
557 1134 717 1198 internam
731 1132 874 1217 adusque
889 1140 1030 1196 mentem
1044 1133 1177 1215 propius
1200 1146 1250 1194 20·

111 1241 328 1306 deducuntur.
371 1239 477 1306 Ceteri
499 1262 560 1324 pro
585 1241 737 1325 qualitate
759 1240 928 1305 distantiae
951 1240 1092 1304 decisum
1115 1260 1176 1304 nec

111 1348 203 1412 adeo
225 1349 387 1432 integrum
409 1350 547 1412 retinent
562 1347 814 1431 contemplatum
834 1356 1028 1431 gustantque
1049 1347 1177 1429 parcius

111 1444 291 1519 divinitatis
314 1456 468 1532 notitiam,
491 1456 657 1519 scientiam
678 1455 864 1519 futurorum.
897 1454 950 1517 Ex
965 1454 1094 1518 sedibus
1109 1454 1176 1538 qui·

111 1562 203 1639 dem,
227 1583 306 1648 quas
328 1563 482 1646 Tugaton
504 1583 655 1646 suprema
678 1561 824 1625 divinitas
855 1561 1032 1626 habitatrix
1053 1561 1175 1638 insistit,

110 1669 272 1754 splendor
300 1671 416 1734 emicat
444 1670 593 1746 radiatus,
623 1689 689 1732 non
719 1670 830 1753 utique
856 1669 1097 1750 perfunctorius,
1119 1667 1177 1733 sed
1201 1661 1238 1730 25

110 1777 278 1843 infinibilis
300 1788 333 1842 et
355 1787 513 1842 aeternus.
558 1777 608 1841 Ea
630 1778 727 1860 igitur
747 1777 804 1841 lux
825 1776 1051 1842 inaccessibilis
1074 1778 1176 1841 inten-

109 1886 222 1950 dentis
252 1885 440 1950 reverberat
469 1885 588 1962 oculos,
619 1885 722 1948 aciem
751 1884 1005 1967 praeconfundit,
1038 1891 1073 1948 ut
1103 1883 1178 1968 quia

109 1994 225 2057 lumen
254 2013 289 2056 se
318 1993 460 2056 defendit
491 2013 511 2056 a
539 1992 665 2069 lumine,
695 1991 901 2074 splendorem
930 2012 973 2055 ex
1003 2011 1038 2055 se
1066 1990 1190 2060 videas,

112 2101 289 2182 caliginem
317 2100 490 2182 peperisse.
535 2100 589 2163 Ex
619 2075 791 2182 sple'ndore
822 2099 919 2181 igitur
950 2096 1002 2161 vel
1034 2095 1176 2161 infinibili

1 2237 2 2254 .
111 2207 168 2271 vel
192 2215 325 2271 aeterno
349 2205 430 2270 alter
451 2226 487 2270 se
504 2207 612 2270 radius
628 2206 793 2283 exerebat,
815 2214 851 2269 ut
873 2226 916 2268 ex
937 2206 1042 2288 primo
1065 2207 1177 2268 secun-
1199 2200 1244 2265 30

114 2313 229 2396 doque
252 2313 449 2376 suboriretur
464 2321 498 2376 et
520 2313 640 2376 tertius.
672 2310 737 2394 Qui
753 2312 882 2397 quidem
903 2313 982 2376 radii
1005 2312 1177 2376 uniformes

112 2429 147 2484 et
173 2419 325 2482 claritatis
339 2420 499 2502 parilitate
515 2419 695 2483 consimiles
711 2441 784 2485 cum
800 2421 908 2484 omnia
930 2419 1176 2496 collustrassent,

112 2549 149 2592 se
176 2547 284 2590 rursus
306 2528 353 2590 sui
375 2527 471 2590 fontis
497 2527 672 2612 liquoribus
695 2526 925 2591 admiscebant.
968 2525 1033 2590 Illic
1055 2527 1178 2592 Urania

111 2635 239 2719 pariter
261 2642 294 2697 et
315 2635 440 2698 Natura
463 2634 590 2698 cuidam
604 2635 707 2699 trinae
722 2635 878 2699 maiestati
894 2634 1030 2718 plurima
1043 2635 1177 2717 p'recum

112 2742 325 2806 devotatione
361 2743 536 2826 auspicium
566 2743 833 2827 propositumque
863 2742 983 2806 itineris
1013 2761 1175 2805 commen-
1199 2731 1238 2800 35

112 2850 245 2913 darunt.
288 2848 416 2913 Exinde
445 2857 676 2932 promoventes
708 2857 937 2932 exporrectam
959 2847 1098 2912 aetheris
1120 2848 1177 2911 dif-

112 2957 286 3040 fusamque
307 2955 472 3039 planitiem
496 2958 650 3021 comitato
673 2957 811 3039 vestigio
835 2957 1017 3020 metiuntur.
1060 2956 1177 3040 Neque

114 3064 204 3127 enim
228 3063 260 3126 in
288 3063 394 3126 eundo
417 3063 541 3127 Natura
568 3062 737 3141 sufficeret,
760 3064 818 3127 nisi
840 3064 967 3128 solitam
988 3064 1178 3146 ingenitam.

116 3191 182 3254 que
207 3168 402 3233 celeritatem
425 3171 548 3236 Urania
569 3170 767 3234 moderatior
788 3170 956 3236 inhiberet.
986 3169 1105 3253 Spatiis
1119 3171 1177 3254 igi·

114 3286 170 3342 tur
199 3276 439 3340 deductioribus
468 3277 603 3341 evolutis
630 3298 685 3341 eas
709 3278 787 3341 caeli
810 3287 919 3360 partes
942 3279 1005 3342 iam
1027 3278 1110 3342 linea
1131 3278 1176 3341 vi·
1197 3285 1243 3351 40

115 3385 247 3447 cinante
270 3385 480 3466 contigerant,
504 3384 559 3447 ubi
575 3384 688 3448 aether
701 3386 842 3468 itemque
857 3385 1003 3449 obtusior
1017 3405 1078 3448 nec
1094 3384 1176 3448 adeo

114 3489 241 3554 subtilis
263 3491 465 3572 planetarum
488 3491 579 3573 regio
602 3492 802 3574 participatis
824 3492 884 3556 sibi
904 3492 1109 3576 qualitatibus
1131 3491 1176 3555 in·

114 3598 300 3661 miscentur.
331 3598 437 3661 Primo
461 3599 601 3680 regionis
623 3600 768 3681 ingressu
791 3600 833 3663 de
854 3621 937 3682 puro
953 3600 994 3663 ad
1017 3600 1176 3676 obtusum,

115 3705 158 3768 de
181 3711 363 3785 temperato
386 3705 428 3768 ad
451 3703 600 3787 frigidum
623 3714 792 3791 utramque
816 3707 1051 3771 contrarietatis
1072 3707 1176 3770 incur·

115 3811 257 3874 rentiam
279 3810 361 3873 facili
376 3811 501 3875 Natura
516 3813 701 3895 cognitione
717 3814 903 3895 praesensit.
918 3849 962 3862 -
977 3813 1028 3876 Eo
1044 3835 1087 3877 ex
1102 3812 1175 3877 loco
1196 3800 1238 3884 45

115 3916 218 3980 multa
233 3925 341 3980 tamen
356 3917 484 3981 inferius
500 3916 643 4000 Oyarses
658 3928 728 3983 erat
743 3918 909 3984 Saturnius
924 3921 1177 3984 accusatissimus

116 4033 297 4102 veteranus,
314 4019 499 4088 crudelioris
515 4025 644 4109 quidem
662 4034 694 4090 et
709 4026 919 4092 detestandae
934 4028 1072 4091 malitiae
1088 4027 1176 4091 diris·

116 4153 181 4217 que
213 4151 251 4195 ac
283 4133 421 4196 cruentis
451 4131 576 4196 actibus
608 4133 767 4198 efferatus.
817 4131 988 4220 Quotquot
1024 4134 1064 4198 illi
1094 4133 1176 4198 filios

116 4259 202 4303 uxor
225 4238 449 4304 fecundissima
469 4240 656 4322 peperisset,
680 4241 865 4324 interceptis
888 4243 973 4306 vitae
995 4242 1176 4325 primordiis

116 4365 230 4411 recens
259 4348 362 4412 editos
386 4346 580 4412 devorabat.
624 4347 813 4412 Parturienti
841 4349 968 4414 sedulus
994 4349 1175 4415 excubator
1200 4343 1241 4414 50
