3020 4986
1207 407 1247 481 ⁵3

184 592 284 672 petuo
315 581 536 670 conpubescit.
582 584 746 674 Quicquid
775 589 914 652 occurrit
943 590 1074 668 morbis,
1098 589 1250 675 quicquid

183 694 356 757 sanitatem
386 694 551 772 conciliat,
582 695 734 780 quicquid
757 695 925 760 deliciosos
949 697 1116 780 voluptate
1139 718 1250 760 sensus
1274 712 1317 760 20

182 802 295 880 irritat,
324 801 459 884 plantas,
489 801 619 880 herbas,
651 803 873 881 odoramenta,
903 805 1029 887 species
1059 806 1092 868 in
1123 804 1251 868 diversa

183 909 367 974 mortalium
390 910 563 974 commoda
586 911 672 974 sinus
688 911 816 975 abditus
839 911 1068 976 subministrat.
1103 911 1195 976 Haec
1217 912 1251 976 in

184 1017 306 1082 mundo
337 1017 407 1082 sola
438 1026 496 1095 est,
526 1026 562 1082 ut
592 1019 716 1101 opinor,
746 1027 888 1102 excepta
912 1018 1078 1101 particula,
1101 1012 1251 1103 quae'de

184 1124 418 1190 elementorum
452 1126 634 1189 intensione
672 1125 749 1190 nihil
781 1127 813 1189 in
846 1147 881 1189 se
912 1125 1088 1207 suscipiens
1119 1123 1250 1208 plenam

186 1241 508 1316 consummatamque
530 1234 721 1316 temperiem
736 1233 892 1316 adaptata
907 1241 956 1296 est
972 1231 1128 1296 confiteri.
1157 1232 1251 1296 Haec
1274 1227 1313 1296 25

184 1360 242 1403 ver
270 1338 373 1403 habet
402 1349 605 1423 perpetuum,
634 1340 775 1418 brumas,
799 1348 948 1418 aestates,
971 1348 1142 1404 autumnos
1164 1340 1250 1402 inae·

185 1445 296 1531 quales
325 1444 522 1509 clementiori
552 1446 642 1510 eaelo
666 1447 842 1530 supposita.
881 1447 939 1510 sed
963 1446 1051 1531 quod
1072 1446 1178 1509 verius
1201 1454 1251 1510 est

184 1574 317 1617 munere
349 1553 521 1617 divinitatis
553 1554 693 1637 ignorat.
739 1555 790 1617 Eo
821 1555 927 1637 igitur,
959 1555 1034 1638 quia
1062 1552 1188 1617 hisdem
1218 1552 1250 1615 in

184 1660 261 1724 locis
284 1660 405 1743 Physin
428 1660 653 1743 reperiendam
676 1661 848 1738 existimat,
879 1661 1004 1724 Natura
1026 1661 1172 1744 suggerit
1194 1659 1250 1722 de·

185 1768 385 1832 vertendum.
417 1767 526 1831 Locus
542 1769 653 1852 utique
675 1753 790 1852 suapte
812 1769 1001 1851 perspicuus
1023 1769 1166 1851 speciem
1181 1765 1249 1850 pul·
1273 1764 1317 1830 30

149 1915 152 1924 ·
187 1876 349 1940 critudinis
372 1875 535 1958 amplioris
559 1875 683 1940 adiecit.
719 1873 850 1959 Quippe
873 1885 1010 1940 matrem
1032 1875 1251 1959 generationis

185 1981 343 2047 Naturam
364 1991 590 2066 praesenserat
606 1983 792 2047 adventare.
824 1983 876 2046 De
892 1992 1025 2047 naturae
1040 1983 1137 2066 igitur
1151 1983 1249 2065 genio

185 2089 380 2154 fecunditate
414 2099 575 2172 concepta
602 2090 781 2173 derepente
812 2089 905 2154 tellus
934 2089 1081 2154 intumuit
1110 2098 1144 2152 et
1173 2109 1250 2152 con-

186 2198 310 2262 fortatis
335 2197 510 2280 cespitibus
532 2198 581 2261 vis
610 2197 737 2262 occulta
759 2197 930 2280 subrepsit.
977 2196 1147 2261 Heliadum
1170 2196 1251 2260 silva

186 2304 337 2369 uberiora
366 2305 492 2369 sudavit
521 2313 697 2387 unguenta.
743 2305 865 2370 sabaea
886 2305 1012 2388 virgula
1034 2325 1125 2368 suam
1147 2312 1250 2368 certa·
1273 2298 1312 2367 35

185 2413 230 2476 vit
252 2411 414 2478 destillare
437 2412 676 2495 pinguedinem.
718 2433 890 2490 amomum,
915 2413 1153 2476 cinnamomum
1174 2411 1249 2475 vici·

185 2539 244 2582 nos
265 2528 388 2583 tractus
410 2515 475 2582 hoc
496 2518 606 2596 lenius,
629 2518 703 2582 illud
727 2519 871 2582 diffusius
894 2519 1053 2584 odoravit.
1086 2516 1249 2606 Quicquid

184 2647 264 2710 ergo
293 2626 463 2691 deliciosus
493 2627 600 2689 oriens
629 2628 766 2709 parturit
796 2636 829 2690 et
858 2626 975 2705 educit,
1009 2628 1050 2692 ad
1073 2627 1248 2692 adventum

183 2735 328 2799 Naturae
350 2734 439 2798 vultu
463 2733 606 2818 quodam
628 2733 807 2798 festivitatis
830 2736 978 2798 occurrit.
994 2770 1039 2782 -
1061 2736 1142 2800 Erat
1163 2735 1248 2800 rivus

183 2841 325 2905 oriundis
353 2863 396 2905 ex
425 2840 491 2905 alto
521 2841 666 2905 cursibus
694 2843 729 2905 in
758 2841 855 2925 plana
876 2843 1102 2926 praecipitans,
1125 2863 1191 2907 non
1213 2850 1250 2907 ut
1270 2855 1316 2921 40

183 2947 335 3013 tumultus
357 2947 517 3012 violentos
544 2949 710 3027 incuteret,
741 2970 854 3013 verum
884 2950 1013 3014 auribus
1036 2951 1140 3014 amico
1163 2971 1248 3015 mur·

182 3078 273 3122 mure
287 3055 495 3121 blandiretur.
525 3055 668 3121 Blandus
683 3057 792 3121 auditu
814 3056 965 3122 blandior
987 3058 1092 3122 fuerat
1113 3058 1245 3122 visione.

182 3163 371 3228 Aethereae
401 3161 556 3247 liquidum
585 3164 730 3247 puritatis
754 3164 918 3229 excedens
940 3173 1108 3250 tamquam
1132 3186 1247 3249 corpo·

182 3271 307 3336 ralitate
339 3271 489 3354 deposita
521 3270 562 3335 ad
594 3291 710 3354 purum
742 3271 809 3336 fere
840 3273 1012 3337 transierat
1043 3271 1248 3337 elementum.
1341 3354 1344 3361 Ι

182 3379 240 3442 His
263 3377 393 3462 quidem
416 3379 493 3461 giris
524 3386 557 3441 et
580 3378 776 3443 anfractibus
800 3401 875 3443 suos
898 3380 1055 3444 hactenus
1078 3381 1247 3446 deferebat
1267 3373 1309 3458 45

182 3485 353 3564 anfractus,
376 3494 412 3549 ut
427 3484 569 3548 humoris
585 3487 754 3550 materiam
776 3487 976 3570 graminibus
998 3487 1159 3552 sufficeret
1180 3488 1248 3552 uni·

182 3595 292 3656 versis.
337 3593 458 3656 Totam
487 3592 549 3656 loci
581 3594 813 3658 continentiam
836 3594 1010 3679 utrobique
1032 3594 1111 3658 silva
1132 3594 1247 3659 latera·

180 3698 251 3764 liter
283 3697 548 3783 circumplectens
579 3701 747 3784 geminato
780 3702 954 3766 commodo
977 3710 1010 3765 et
1042 3688 1248 3785 temperabat

181 3807 302 3872 solibus
324 3815 358 3871 et
381 3827 569 3872 communes
592 3809 726 3873 arcebat
749 3809 920 3892 ingressus.
953 3806 1148 3874 Claudentes
1164 3810 1248 3875 intra
1333 3835 1336 3845 ·

181 3915 337 3979 terminos
359 3914 482 3997 agebat
505 3914 593 3979 calor
616 3916 785 3982 aethereus
808 3919 840 3982 in
863 3916 1025 3993 humect0,
1041 3925 1076 3980 ut
1091 3917 1134 3981 ibi
1151 3916 1247 3981 flores
1272 3910 1314 3979 50

181 4022 269 4099 varii,
298 4020 343 4085 ibi
366 4022 587 4100 odoramenta,
618 4023 661 4087 ibi
690 4045 786 4106 seges
808 4033 990 4089 aromatum
1013 4034 1174 4089 cresceret
1195 4023 1249 4089 vel

182 4128 310 4193 iniussa.
344 4129 394 4192 Eo
417 4129 514 4212 igitur
536 4130 569 4193 in
590 4128 664 4193 loco
679 4130 801 4214 Physin
816 4131 956 4197 residere
971 4151 1069 4215 super
1090 4133 1248 4216 aspiciunt

181 4234 345 4299 theoricae
379 4246 413 4301 et
447 4238 611 4320 practicae
641 4237 805 4303 individuo
836 4239 971 4304 filiarum
1002 4241 1166 4304 consortio
1193 4258 1247 4302 co-

180 4340 377 4408 haerentem.
413 4342 566 4410 Studiosa
587 4366 694 4410 rerum
717 4347 749 4410 in
772 4347 916 4430 seposito
938 4355 973 4412 et
993 4347 1165 4433 tranquillo
1187 4335 1257 4412 ubi·
