2978 4990
82 629 182 694 Astra
204 629 294 693 videt
317 627 507 713 caelumque
529 628 620 713 sequi
643 627 801 712 lunaeque
824 629 965 711 potentis

123 733 319 800 Conditione
341 734 436 800 trahi.

82 839 164 907 Sunt
186 841 273 906 mala
296 862 381 928 quae
403 841 531 908 soleant
553 842 651 908 etiam
674 861 748 907 cum
771 861 909 926 corpore
930 841 1037 908 nasci:

122 947 240 1034 Physis
263 958 297 1013 et
320 948 373 1014 illa
394 950 497 1014 timet.

81 1055 280 1121 Haerentem
303 1056 442 1123 rubuere
465 1057 550 1122 duae
570 1063 744 1142 partesque
766 1055 901 1123 laboris:

124 1163 195 1227 Has
218 1163 342 1229 Urania
362 1165 459 1229 subit.

82 1270 284 1355 Expugnare
306 1269 428 1336 malum
450 1271 550 1338 silvae
573 1270 768 1357 fluidamque
789 1280 902 1337 tenere

124 1376 245 1442 Limite
265 1378 444 1444 materiam.

84 1484 336 1569 Humanumque
357 1506 461 1569 genus
483 1487 630 1572 quamvis
652 1485 789 1551 mortale
810 1486 957 1553 trahatur

126 1589 323 1656 Conditione
344 1613 410 1670 sua,

84 1697 163 1764 Tale
187 1698 436 1778 reformandum,
459 1700 547 1786 quod
570 1700 753 1786 demigrare
775 1699 935 1786 su'perbos

127 1806 233 1870 Possit
255 1805 399 1891 adusque
422 1807 511 1872 deos,

85 1912 127 1976 Et
149 1911 229 1977 dare
251 1912 312 1977 sub
335 1913 434 1998 leges,
458 1915 609 2001 quicquid
632 1923 806 2001 torquente
828 1924 936 1982 rotatu

129 2018 270 2086 Stelliser
291 2022 362 2086 axis
383 2032 470 2107 aget.

88 2125 254 2212 Cognatas
274 2128 388 2194 sordes
410 2130 585 2216 innataque
608 2131 742 2196 crimina
765 2130 888 2196 cunctis

129 2236 321 2302 Extenuare
342 2237 459 2306 modis.

88 2344 202 2429 Physis
223 2345 257 2409 in
279 2365 339 2410 ora
361 2345 445 2411 redit
466 2344 671 2433 frontemque
693 2345 818 2413 reducit
839 2354 874 2411 et
895 2363 987 2412 ecce:
1099 2397 1103 2406 ,

129 2452 246 2519 Tutior
267 2452 366 2518 intrat
387 2473 480 2537 opus.

176 2775 260 2841 XIII.
301 2740 435 2845 Erant
459 2777 571 2863 igitur
598 2780 662 2845 duo
689 2800 802 2844 rerum
828 2779 1009 2863 principia,
1041 2778 1153 2846 unitas

90 2897 122 2950 et
133 2885 313 2950 diversum.
345 2885 530 2952 Diversum
543 2887 642 2971 longe
655 2898 743 2954 retro
758 2887 1035 2971 antiquissimum.
1075 2885 1154 2954 Uni·

89 3006 142 3058 tas
164 3015 227 3059 non
249 2993 429 3076 inceperat:
460 2995 614 3078 simplex,
647 2995 782 3074 intacta,
806 2994 971 3076 solitaria,
996 3016 1040 3060 en
1060 3019 1096 3060 se
1117 2995 1153 3062 in

90 3123 123 3166 se
149 3114 358 3186 permanens,
391 3100 567 3189 infinibilis
588 3113 622 3167 et
647 3114 793 3167 aeterua.
839 3103 954 3168 Unitas
976 3103 1064 3168 deus
1107 3103 1154 3168 di·

89 3229 218 3273 versum
240 3230 306 3273 non
328 3208 414 3273 aliud
431 3230 530 3293 quam
552 3207 630 3293 hyle
652 3230 757 3293 eaque
771 3209 920 3293 indigens
935 3210 1047 3274 forma
1078 3209 1154 3276 Pri·
1178 3210 1194 3278 5

90 3317 259 3401 miparens
286 3317 397 3400 igitur
416 3316 582 3382 diuinitas
604 3317 834 3382 diuersitatem
854 3318 1005 3398 excolunt,
1030 3317 1154 3383 limita·

91 3425 178 3489 tavit
197 3424 421 3504 interminum,
438 3424 615 3512 figuravit
634 3424 823 3509 informem,
848 3425 1008 3509 explicuit
1026 3423 1155 3491 obvolu-

92 3543 162 3597 tam
189 3531 286 3616 bylen
314 3533 365 3597 ad
392 3533 561 3615 elementa,
591 3532 751 3597 elementa
780 3532 830 3596 ad
855 3533 956 3612 usias,
988 3532 1080 3597 usias
1110 3532 1160 3597 ad

92 3640 286 3724 qualitates,
320 3640 499 3723 qualitates
529 3651 563 3704 et
599 3641 691 3704 ustas
722 3639 773 3704 ad
806 3640 986 3704 maternam
1021 3639 1156 3704 circum·

92 3748 243 3813 scn’benr.
297 3749 353 3812 Ea
383 3748 494 3830 igitur
530 3748 673 3811 materia
707 3767 751 3811 en
788 3745 938 3829 ingenito
972 3746 1080 3811 silvae
1107 3745 1156 3809 vi·
1183 3763 1224 3814 10

94 3857 176 3921 tr‘osa
210 3856 378 3937 contagia,
417 3875 461 3918 ex
491 3854 723 3920 elementorum
755 3853 1015 3919 conversionibus
1049 3863 1157 3918 trans·

86 3963 294 4044 formabilis,
335 3982 379 4025 en
420 3962 503 4026 usta
532 3960 806 4026 substantialibus
829 3963 930 4044 facta
961 3971 1012 4023 est
1046 3971 1158 4043 carpn-

95 4071 190 4135 lenta.
254 4067 451 4151 Corpulenta
488 4089 568 4133 vero
614 4067 825 4133 essentialiter
867 4075 1020 4152 quattuor
1058 4067 1159 4132 conti·

95 4179 204 4243 nentia
233 4178 338 4260 prima
368 4175 540 4240 molitionis
578 4197 655 4240 suae
692 4175 879 4241 firndamina
916 4147 1058 4239 ciervices
1088 4195 1159 4239 ner·

95 4306 220 4370 vosque
240 4284 348 4369 operis
369 4283 485 4368 Physis
507 4291 739 4367 argumentosa
759 4282 906 4348 subiecit.
942 4283 979 4348 In
1001 4281 1159 4365 supremis
1186 4278 1221 4348 15

97 4412 232 4484 operum
254 4391 448 4476 magisteriis
462 4391 590 4457 divinae
613 4399 740 4459 tantum
761 4389 940 4476 sapientiae
961 4390 1061 4456 lineas
1082 4411 1159 4475 pro·
