3020 4986
259 465 286 514 X

259 633 462 709 dieselbe
490 635 579 708 sich
600 634 716 708 nicht
744 631 852 706 eitel
872 602 1131 707 ‘uberlieben
1151 632 1293 705 d'urse:
1318 630 1413 702 Dice
1467 627 1469 634 ’
1500 725 1501 730 ¹

258 770 324 843 bat
347 770 561 843 Bernardus
586 763 839 858 Carriotensis,
869 791 938 841 nos
968 793 1053 840 esse
1082 768 1186 866 quasi
1215 789 1344 856 nanos
1372 765 1432 864 gi-

257 904 427 1002 gantium
445 903 607 977 humeris
627 904 840 992 insidentes,
869 919 909 976 ut
937 904 1157 1000 possimus
1185 898 1292 998 plura
1317 900 1370 972 eis
1391 915 1433 972 et

257 1039 463 1112 remotiora
495 1039 642 1126 videre,
678 1063 754 1112 non
789 1038 915 1135 utique
949 1037 1090 1133 proprii
1123 1037 1223 1109 visus
1253 1034 1432 1116 acumine,
1499 1119 1500 1122 Ἴ

257 1187 321 1244 aut
340 1172 539 1244 eminentia
554 1173 732 1269 corporis
747 1173 816 1244 sed
836 1173 922 1269 quia
943 1172 979 1244 in
999 1169 1113 1244 altum
1132 1169 1369 1264 subvehimur
1391 1185 1433 1241 et

257 1304 467 1379 extollimur
482 1308 738 1404 magnitudine
752 1307 942 1405 gigantea.
959 1303 982 1391 ¹)
1011 1305 1116 1379 Nach
1130 1304 1433 1378 Schaarschmidt
1501 1289 1502 1292 ¹

254 1438 493 1514 erschlossen
503 1442 585 1538 sich
602 1442 637 1514 in
645 1441 866 1514 Bernhard's
878 1438 1013 1513 Schule
1028 1442 1114 1514 dem
1125 1438 1429 1538 lernbegierigen

255 1574 412 1648 Schiiler
425 1577 525 1649 nicht
536 1602 604 1649 nur
615 1575 1013 1664 „derdiirreBoe'thius
1024 1573 1430 1672 unddergeschmack-

253 1706 335 1784 lose
371 1711 582 1784 Marcianus
620 1709 794 1807 Capella,
823 1711 987 1784 sondern
1023 1711 1116 1783 auch
1152 1710 1220 1782 der
1249 1706 1429 1808 elegante
1502 1685 1503 1688 Ἴ

254 1843 397 1930 Cicer0,
423 1845 491 1917 der
515 1845 611 1917 seine
631 1845 768 1930 Horaz,
797 1845 866 1917 der
884 1842 1183 1941 phantasievolle
1202 1844 1384 1917 Tim'aus“
1399 1840 1429 1928 ²)

361 1980 442 2052 Wir
485 1980 636 2051 konnen
681 1979 903 2052 Bernhard’s
948 1978 1244 2068 Lehrmethode,
1286 1975 1428 2052 welche

252 2114 313 2186 die
334 2114 425 2186 sreie
445 2114 718 2212 Nachahmung
738 2115 807 2187 der
834 2111 950 2186 Alten
969 2139 1050 2185 zum
1068 2110 1168 2185 Ziele
1192 2114 1306 2201 hatte,
1326 2113 1428 2186 nicht
1503 2205 1504 2210 ἵ

252 2248 384 2321 besser
399 2248 711 2333 characterisiren,
732 2246 786 2320 als
798 2247 921 2320 indem
940 2248 1004 2320 wir
1015 2248 1138 2344 einige
1149 2246 1427 2320 bezeichnende
1503 2225 1504 2310 i

252 2379 483 2455 Stellenaus
503 2383 571 2454 der
590 2379 836 2480 Darstellung
864 2382 930 2456 des
951 2382 1276 2468 Sarresberiensis,
1307 2383 1426 2454 deren

251 2516 536 2615 Lebendigkeit,
551 2518 619 2589 wie
631 2515 1123 2602 Schaarschmidtbemerkt,
1139 2513 1164 2600 ³)
1181 2541 1221 2588 es
1232 2516 1427 2614 verbiirgt,

251 2651 339 2723 dass
373 2652 426 2724 sie
456 2676 522 2723 aus
558 2652 714 2749 eigener
741 2650 997 2749 Anschauung
1031 2653 1241 2749 geflossen,
1277 2651 1426 2724 hieher-
1504 2673 1505 2746 g

250 2800 388 2857 setzen.
434 2785 472 2855 In
494 2801 688 2857 auctorum
715 2781 886 2867 lectione,
915 2784 1099 2856 berichtet
1128 2785 1196 2857 der
1220 2785 1425 2858 Sarresbe-

251 2918 396 3005 nensis,
431 2917 519 3014 quid
546 2915 704 3013 simplex
732 2935 853 3006 esset,
889 2911 927 2991 et
956 2919 1004 2991 ad
1033 2919 1232 3017 imaginem
1267 2916 1425 3016 regulae

249 3051 429 3147 positum,
472 3052 716 3146 ostendebat3
761 3052 900 3151 figuras
944 3053 1228 3150 grammaticae,
1273 3050 1424 3128 colores

249 3186 469 3274 rhetoricos
499 3185 752 3260 cavillationes
772 3187 1053 3284 sophismatum,
1082 3204 1121 3260 et
1140 3213 1214 3286 qua
1232 3204 1342 3284 parte
1367 3192 1425 3264 sui

250 3321 471 3416 propositae
500 3318 668 3395 lectionis
698 3320 870 3394 articulus
899 3322 1122 3419 respiciebat
1150 3323 1199 3394 ad
1227 3319 1318 3394 alias
1347 3324 1422 3396 dis-

249 3452 415 3550 ciplinaS,
443 3456 685 3551 proponebat
713 3456 748 3528 in
777 3456 919 3528 medio:
956 3457 1007 3529 ita
1035 3473 1177 3544 tamen,
1213 3473 1253 3530 ut
1282 3483 1357 3532 non
1387 3460 1423 3532 in

249 3586 403 3687 singulis
419 3589 591 3662 universa
611 3589 776 3678 doceret,
796 3590 864 3662 sed
878 3614 948 3686 pro
970 3592 1175 3687 capacitate
1186 3593 1423 3685 audientium,

249 3723 486 3819 dispensaret
520 3725 573 3797 eis
608 3725 643 3796 in
672 3740 845 3820 tempore
881 3726 1075 3800 doctrinae
1103 3750 1314 3799 mensuram
1342 3785 1349 3799 .
1377 3786 1421 3802 ..

251 3857 496 3956 Cogebantur
506 3856 703 3941 exsolvere
717 3857 852 3958 singuli
867 3860 926 3932 die
942 3861 1114 3957 sequenti
1128 3857 1263 3958 aliquid
1279 3885 1421 3954 eorum,

249 4017 346 4090 quae
371 3993 617 4088 praecedenti
647 3992 851 4085 audierant,
880 3991 941 4068 alii
969 3991 1063 4090 plus,
1091 3992 1149 4067 alii
1174 3995 1310 4068 minus:
1339 4015 1424 4071 erat

323 4270 340 4332 ι)
360 4271 447 4321 uetat.
475 4272 531 4320 ub.
544 4247 594 4333 ur,
614 4287 668 4336 cap.
688 4285 713 4334 4.

321 4355 587 4422 baaQSQ

322 4441 539 4513 ῧὼιᾶμ

445 4678 1125 4952 Ῡζνῆ
